3756 5994
140 213 195 273 lb'l

631 166 765 261 annua:
787 198 943 258 ossanna.
965 198 1007 254 nr
1026 195 1124 253 totu.
1145 192 1286 252 stemus

1720 190 1777 252 ddi

144 335 192 390 Μ
205 332 238 388 ss·
255 350 265 385 ,
283 331 321 386 pe
336 325 457 384 seeundo
475 321 547 378 lob:
568 336 577 370 s
595 318 732 374 barabam
754 318 837 388 pedes
857 331 933 373 meos
948 339 972 398 Α
1023 310 1133 386 [ctas]
1146 311 1235 379 illunc
1258 325 1367 367 tersum
1387 319 1414 366 et
1428 318 1588 381 sequentem
1606 308 1779 370 interserunt

86 475 88 479 ,
144 428 253 497 butyro,
268 430 296 476 et
312 427 390 489 petra
407 412 539 468 tundebat
551 409 619 464 milti
632 409 705 466 risos
718 409 771 466 olei
784 410 833 462 ⁸¹.»
847 402 931 464 item:
983 405 1084 476 angeli,
1104 404 1192 458 saneti
1207 403 1315 459 sodales
1330 403 1444 469 Christi,
1471 401 1657 457 describentes
1671 413 1779 472 quanto

147 535 156 569 s
174 515 209 571 Ut
222 517 330 584 sugeret
342 506 395 563 mel
410 506 443 560 de
456 510 532 573 petra
546 501 695 572 oleumque
711 503 744 556 tle
759 516 827 556 saxo
845 502 934 563 mstis·

144 607 213 660 situs
225 603 274 655 ⁸⁸.»
290 599 325 653 Et
338 611 388 668 pro
403 595 504 650 tertio:
522 615 531 647 r
552 595 589 650 lle
611 603 687 664 petra
704 593 784 648 melle
799 594 934 648 saturavit

143 709 191 748 eos
205 692 253 747 ⁸⁸.s
269 688 379 758 Alioqui
395 687 419 742 si
433 686 575 742 offendunt
586 685 619 740 asi
636 684 754 755 lapidem
771 684 873 750 istum,
889 699 934 738 re-

144 792 199 838 stat
211 791 239 837 ut
252 781 278 836 lu
295 779 401 834 foveant
413 780 524 833 radant.

183 870 237 926 Sed
263 869 352 939 primo
377 868 447 923 itanc
469 866 574 922 lorcam
598 865 735 933 aperiunt,
758 865 878 921 seeundo
894 867 934 920 lo·

146 962 234 1026 diunt,
251 959 332 1013 tertio
348 958 374 1012 in
398 972 458 1013 eam
471 957 580 1011 cadunt.
595 954 737 1024 Aperiunt,
759 953 822 1007 dum
837 969 934 1024 peena-

146 1058 237 1106 torum
253 1045 428 1102 offensionem
442 1044 488 1099 alii
503 1042 664 1105 imitantur;
678 1039 794 1105 lodinttt,
811 1040 873 1094 dum
901 1041 934 1093 de

145 1142 218 1198 malo
234 1141 259 1194 ist
272 1138 348 1210 peius
363 1138 529 1202 declinatum
552 1137 687 1200 incidunt,
702 1135 766 1188 dunt
790 1133 816 1188 iu
834 1133 934 1189 talibus

146 1237 174 1291 in
189 1242 278 1289 morte
292 1230 543 1298 deprehenduntnr.
561 1227 623 1297 liaeo
643 1242 696 1282 uno
713 1241 792 1283 versu
813 1228 934 1282 ostendit

146 1327 246 1382 liasid:
264 1342 274 1376 s
298 1323 398 1378 Lacum
414 1318 521 1390 aperuit
536 1329 563 1375 et
578 1319 671 1375 effudit
695 1335 770 1385 eunt,
796 1329 824 1374 et
841 1319 935 1375 incidit

146 1421 173 1474 ln
188 1417 294 1472 luteam
310 1429 390 1484 qnam
411 1404 475 1467 lecit
492 1412 524 1466 ⁸¹.
541 1429 551 1464 t
570 1412 660 1467 Primo
676 1412 769 1482 itaque
788 1413 934 1466 traduntur

143 1507 241 1578 iudici,
256 1505 375 1563 serundo
388 1503 519 1568 exustori,
536 1504 616 1559 tertio
631 1503 759 1570 tortori:
780 1500 864 1572 judici
887 1505 932 1572 qui

145 1597 314 1671 depereatis
335 1594 419 1651 iaciat
437 1593 580 1661 iudicium,
598 1597 721 1649 exactori
743 1595 787 1664 qul
805 1593 934 1649 exbibcat

984 497 1075 553 studio
1085 498 1173 553 beatae
1188 493 1291 564 Virgini
1305 494 1393 563 angeli
1409 492 1578 548 famulentur
1589 499 1616 546 et
1631 495 1777 550 assistant.

985 586 1058 643 [licit
1074 601 1154 657 ergo:
1170 586 1212 640 lla
1228 585 1352 639 lectulum
1367 583 1518 639 Solomonis
1534 587 1673 653 sexaginta
1689 584 1778 653 fortes

986 678 1156 731 ambientes
1172 675 1328 746 fortissimis
1346 674 1445 738 lsrael,
1472 691 1562 729 omnes
1575 683 1690 730 tenentes
1721 676 1780 747 qist-

984 767 1044 822 dt'us
1068 778 1092 822 et
1121 767 1156 820 od
1181 766 1249 821 bellu
1276 766 1433 820 doctissimi.
1468 764 1683 837 llniuscuiusque
1708 768 1780 822 eutis

984 875 1062 928 super
1088 859 1176 927 (emur
1194 874 1271 910 rossus
1291 874 1343 926 pro,
1357 867 1397 911 ter
1422 843 1528 911 timores
1549 868 1704 913 nocturnos.
1727 858 1780 914 Le·

985 949 1072 1004 ctulus
1082 948 1248 1014 salustianis,
1267 948 1349 1002 idest
1363 948 1464 1002 Citristi
1480 947 1538 1002 ueri
1555 948 1673 1018 paciilci,
1698 950 1778 1004 beata

985 1036 1068 1106 Virgo
1083 1039 1183 1093 dicitur
1201 1042 1292 1108 inqua
1310 1038 1402 1093 licitas
1419 1037 1547 1093 inclinato
1566 1039 1656 1107 eapite
1672 1040 1718 1094 [lei
1734 1038 1781 1095 rt-

985 1129 1037 1183 lius
1059 1128 1191 1199 requievit
1216 1129 1291 1183 velut
1321 1128 1480 1206 itt-lectulo.
1498 1130 1575 1184 Unde
1600 1128 1658 1199 ipsa
1686 1130 1776 1186 slis-it:

987 1236 997 1270 s
1018 1219 1050 1273 Et
1061 1219 1106 1288 qui
1116 1219 1219 1273 creavit
1230 1234 1272 1274 tue
1282 1219 1416 1288 requievit
1427 1219 1452 1272 in
1465 1220 1641 1274 tabernaculo
1653 1221 1777 1277 tueo¹¹.s

985 1311 1052 1367 Cum
1074 1320 1175 1375 autem,
1191 1313 1260 1366 sicut
1277 1311 1423 1382 Apostolus
1439 1312 1497 1379 ait,
1515 1331 1524 1363 s
1542 1311 1643 1368 emtus
1664 1314 1779 1384 spiritus

986 1404 1112 1458 coelestcs
1137 1403 1432 1459 admittistratoriisint
1444 1421 1451 1458 ε
1464 1413 1492 1458 et
1507 1407 1653 1459 ntittutttur
1669 1417 1781 1475 propter

986 1509 1034 1550 eos
1049 1495 1093 1564 qui
1109 1495 1294 1550 haereditatem
1306 1497 1416 1565 rapiunt
1431 1495 1525 1550 salutis
1540 1497 1578 1560 ”;
1590 1492 1605 1548 *s
1620 1507 1646 1551 et
1665 1515 1718 1549 unu
1734 1485 1798 1552 so··'

986 1586 1039 1639 lunt
1061 1587 1095 1642 ad
1120 1580 1302 1641 ministerium
1324 1589 1464 1642 bominum
1488 1591 1609 1646 ntiuores
1632 1579 1779 1654 mittuntur

134 1673 420 1761 *jugpcgpmggonort
436 1683 482 1754 qur
496 1683 609 1755 flagellis
624 1693 784 1754 extorqueas
796 1695 933 1749 exstensa,
951 1700 972 1753 Β
987 1678 1117 1747 spiritus:
1133 1679 1180 1732 sod
1205 1681 1287 1734 etiam
1304 1681 1457 1748 superiores
1477 1690 1504 1737 et
1520 1682 1554 1736 de
1575 1683 1670 1738 ordisse
1695 1684 1780 1738 Sera-

111 1762 341 1851 ..AEfflsqnffiml
357 1774 536 1830 notissimum
558 1773 735 1842 quadrantem
759 1774 853 1826 reddat
875 1774 934 1828 uui·

111 1884 136 1933 r
147 1858 257 1926 sessim
274 1865 407 1923 debitum.
423 1863 576 1920 Notandum
601 1862 671 1931 quod
686 1859 758 1916 sunt
769 1862 934 1932 quaeritantes

147 1970 276 2031 quatuor.
297 1960 385 2015 llomo
405 1959 477 2013 enim
492 1965 601 2011 cottstat
623 1971 656 2010 ex
677 1945 794 2024 quatuor
818 1953 936 2008 elemen-

147 2052 198 2107 tis:
220 2051 296 2122 igne,
310 2063 383 2115 aere,
400 2064 480 2117 aqua,
496 2056 582 2102 terra.
600 2048 627 2100 ln
646 2046 708 2116 igne
722 2045 855 2113 accipitur
870 2045 936 2098 elsa·

145 2143 214 2199 ritas
229 2158 289 2212 quae
305 2152 346 2197 est
362 2122 473 2210 *primus
487 2143 636 2209 quadrans.
657 2141 683 2194 ln
701 2155 765 2196 aere
778 2141 866 2211 gratia
887 2139 935 2195 liei

145 2233 187 2288 vel
198 2235 251 2288 sita
264 2231 383 2288 ltontinis
394 2246 454 2296 quar
466 2238 508 2285 est
519 2231 653 2286 secuntias
668 2231 816 2298 quadrans,
829 2233 855 2285 iu
865 2247 935 2302 aqua

145 2322 247 2379 ablutio
260 2321 363 2393 peceati
378 2322 450 2390 quod
467 2330 508 2375 est
526 2319 622 2375 tertius
647 2320 796 2389 quadrans,
812 2322 935 2389 interra,

146 2415 218 2484 quod
245 2429 344 2482 corpus
359 2422 400 2468 est
426 2420 541 2480 quartus
560 2419 588 2465 et
609 2411 773 2466 notissimus
786 2411 935 2480 quadrans.

145 2503 189 2559 lbi
206 2517 271 2573 ergo
287 2502 408 2557 etsolset
424 2501 488 2570 quia
508 2500 631 2571 peccavit
647 2510 741 2555 eontra
763 2501 934 2567 ebaritatem,

146 2601 259 2664 quaeest
273 2591 387 2660 primns,
399 2605 451 2661 qna
466 2600 492 2645 ct
505 2590 567 2659 quia
578 2591 691 2661 gratiam
710 2592 755 2645 bei
772 2593 797 2646 in
820 2607 936 2647 racttstm

145 2682 303 2751 res·cpit‘⁸',
313 2681 355 2736 sel
371 2682 634 2751 nsalesixitqtsaeest
647 2683 935 2753 secutulttsqttads·aus;

146 2783 173 2831 et
184 2775 247 2846 quia
261 2784 322 2846 post
338 2775 501 2845 baptismum
526 2790 555 2831 se
570 2776 732 2846 inquinarit,
749 2787 863 2847 quaeest
882 2786 937 2832 ter·

147 2867 201 2920 tius
215 2866 362 2935 quadrans.
377 2865 404 2919 ln
417 2879 531 2933 corpore
540 2866 610 2919 male
619 2873 748 2935 operatus
759 2875 810 2932 est,
823 2877 938 2937 quartus

145 2965 173 3012 ct
197 2956 361 3011 norissimus
381 2957 531 3027 quadrans.
555 2956 627 3010 Ecce
643 2957 725 3013 timor
740 2967 890 3014 nocturnus
904 2974 937 3014 ott

986 1768 1074 1836 pluisti,
1091 1770 1136 1837 qui
1148 1780 1257 1837 propter
1270 1770 1413 1825 eltatitatis
1427 1771 1552 1826 ardorem
1565 1773 1692 1828 tlieuntur
1704 1772 1781 1828 llam·

985 1872 1029 1912 tua
1051 1859 1120 1928 iguis
1143 1859 1183 1914 tel
1207 1861 1278 1930 ignis
1298 1877 1396 1927 urens;
1422 1865 1493 1918 uude
1515 1863 1701 1918 Psabulsta:s
1726 1866 1779 1932 Qui

985 1947 1053 2004 lacit
1065 1949 1176 2020 angelos
1187 1965 1250 2005 suos
1264 1952 1391 2022 spiritus:
1401 1961 1429 2009 et
1440 1953 1581 2009 ministros
1594 1969 1657 2008 suos
1674 1955 1780 2011 silasn-

986 2053 1059 2092 mans
1075 2040 1145 2110 iguis
1161 2040 1226 2095 tels
1244 2041 1332 2110 ignom
1346 2052 1468 2098 urentem
1485 2043 1520 2110 '⁸3
1533 2046 1552 2096 's
1575 2047 1730 2100 ostenditur
1751 2047 1779 2100 in

987 2126 1038 2183 boe
1050 2129 1108 2183 loeo
1117 2129 1187 2198 quod
1196 2132 1229 2183 ad
1242 2133 1395 2186 custodiam
1406 2143 1433 2188 et
1446 2132 1605 2203 obsequium
1622 2135 1707 2190 beatu
1717 2134 1779 2190 Vir·

989 2220 1124 2290 gitsisnon
1141 2222 1289 2288 italesioris,
1308 2225 1355 2277 sed
1371 2225 1521 2294 superioris
1536 2227 1675 2293 dignitatis
1689 2227 1779 2297 angeli

988 2313 1111 2380 densitati
1129 2325 1204 2379 sunt,
1216 2331 1278 2370 eum
1296 2316 1395 2372 dicitur
1409 2319 1480 2388 qnod
1494 2320 1565 2374 lstsnc
1577 2320 1701 2373 lectulum
1721 2336 1780 2373 stm-

989 2404 1066 2456 iiunt
1083 2407 1220 2474 sesopinto
1243 2409 1325 2476 sortes
1352 2409 1384 2461 de
1408 2409 1562 2477 fortissimis
1589 2409 1692 2466 lsrael:
1715 2427 1778 2465 naun

987 2496 1096 2552 beatam
1123 2498 1260 2567 l'irgiuem
1281 2500 1440 2555 ambiebant
1460 2501 1583 2568 diligenti
1600 2503 1724 2557 custodis
1750 2514 1779 2558 et

987 2588 1108 2658 obsequii
1139 2589 1290 2644 reverentia
1318 2591 1434 2662 angelici
1460 2593 1577 2661 spiritns
1599 2591 1624 2646 lo
1642 2601 1682 2647 te's
1707 2593 1786 2649 inter*

988 2678 1150 2736 fortissimos
1167 2681 1323 2749 spirituum,
1337 2685 1383 2752 qui
1405 2699 1456 2752 pro
1472 2684 1589 2752 eoquod
1607 2684 1692 2739 benus
1709 2686 1779 2741 assi·

989 2774 1041 2827 dua
1059 2772 1292 2841 eostsentptasione
1319 2776 1499 2844 conspiciunt,
1528 2775 1635 2830 israelis
1668 2780 1779 2833 nomine

987 2863 1183 2933 designantssr;
1201 2874 1228 2917 et
1251 2866 1294 2919 isti
1310 2869 1448 2937 sexaginta
1464 2868 1547 2923 fortes
1568 2869 1704 2937 dicuntur,
1719 2857 1778 2943 non

988 2965 1097 3026 propter
1121 2972 1275 3020 numerum,
1294 2959 1342 3011 sed
1359 2971 1469 3028 propter
1482 2962 1586 3016 nusttcri
1608 2964 1778 3032 myserium.

144 3047 250 3102 delectu
264 3045 384 3115 proprio.-
399 3046 446 3100 list
461 3045 530 3099 alius
544 3046 625 3100 tlusor
639 3056 788 3102 nocturnus
803 3063 836 3102 ex
860 3047 933 3104 iacto
948 3059 969 3118 (ς
987 3045 1053 3102 Natu
1076 3047 1122 3104 ille
1140 3063 1270 3102 numerus
1290 3061 1324 3101 ott
1346 3050 1455 3104 senario
1477 3061 1585 3106 constat
1604 3067 1629 3108 es
1646 3054 1776 3121 denario;

144 3137 245 3192 alieno.
260 3136 367 3210 Triplex
382 3146 424 3193 est
442 3136 523 3190 timor
543 3145 691 3192 nocturnus
707 3155 715 3191 a
732 3137 844 3193 timetur
860 3140 933 3194 enim

143 3225 246 3293 illusio,
256 3226 559 3292 maritinatin,ineursio
573 3242 580 3280 ε
596 3226 685 3283 illusio
697 3229 932 3298 phantasmatum,

143 3319 311 3375 maelsinatio
325 3318 471 3383 latronum,
483 3315 604 3372 incursio
617 3319 765 3373 bestiarum
781 3336 788 3385 ς
805 3321 935 3390 phantas-

144 3421 217 3469 mata
238 3425 299 3480 qttae
322 3411 445 3476 turbant,
467 3408 589 3466 latrones
598 3410 645 3482 qui
665 3419 819 3480 asportant,
839 3413 932 3470 bestiae

143 3516 203 3572 quae
214 3501 354 3566 deturant,
370 3502 481 3556 turbant
494 3500 624 3568 animatu,
651 3510 795 3573 asportant
808 3504 933 3559 substan·

144 3592 221 3655 tiam,
234 3594 367 3647 devorant
382 3605 492 3646 caruem
516 3593 672 3646 ltumanam.
692 3593 738 3648 lsti
759 3604 815 3650 tres
829 3595 933 3651 inimici

56 3731 58 3734 .
97 3740 100 3746 ,
142 3689 216 3734 sttut.
235 3681 273 3735 lle
287 3679 390 3748 primo:
411 3697 421 3729 s
440 3679 609 3748 ingredietur
630 3683 715 3735 bestia
739 3684 881 3738 latibulum
905 3694 933 3740 et

143 3768 171 3822 in
187 3776 266 3821 antro
278 3780 327 3821 suo
346 3766 496 3820 morabitur
513 3765 545 3818 ⁸⁸.
568 3787 578 3820 s
596 3766 633 3823 be
648 3773 785 3826 secundo:
805 3789 814 3822 s
834 3771 862 3825 Si
879 3774 933 3826 ssi-

142 3864 185 3913 ret
206 3855 404 3925 paterfamilias
429 3871 482 3928 qua
508 3859 575 3914 bora
601 3859 644 3915 lur
666 3861 783 3928 saisiret,
807 3863 932 3932 vigilaret

142 3947 238 4016 utique
251 3957 279 4005 et
293 3963 347 4004 non
360 3949 464 4007 sineret
475 3950 581 4022 periodi
594 3951 703 4006 domurn
720 3968 796 4007 suam
811 3954 845 4012 ⁸¹.
866 3972 876 4007 s
894 3954 932 4011 be

144 4039 240 4095 tertio:
263 4058 273 4092 s
301 4038 368 4095 liam
394 4049 422 4098 et
441 4043 546 4099 leonem
567 4053 595 4099 et
617 4060 708 4100 ursum
728 4045 851 4102 iuterlcci
881 4063 931 4118 ego

142 4143 240 4186 sersus
257 4139 323 4188 tuus
339 4130 373 4189 ⁸⁸.
392 4131 508 4190 sPrimo
520 4145 599 4189 eraut
621 4136 720 4192 sus-bati
737 4137 863 4204 apostoli,
883 4139 930 4208 qui

141 4219 266 4275 ridentes
286 4219 424 4277 Citristum
449 4226 635 4281 ambulantem
648 4243 730 4297 super
749 4227 863 4295 lluetus,
880 4248 929 4301 pu·

141 4311 235 4366 tabant
248 4313 408 4382 phantasma
425 4330 485 4371 csse
504 4316 538 4371 ⁸⁸.
558 4317 752 4374 Pitautastnata
770 4335 832 4376 suut
845 4338 931 4378 saeots·

986 3140 1113 3194 senarius
1128 3149 1218 3193 autent
1233 3136 1430 3206 perlectionem
1447 3143 1547 3213 signat.
1565 3144 1696 3202 [tenarius
1710 3163 1779 3218 quo*

985 3243 1038 3298 que
1049 3230 1094 3299 qui
1108 3229 1179 3298 tegis
1200 3229 1283 3283 babet
1303 3229 1463 3298 imaginem,
1478 3244 1505 3289 et
1519 3235 1612 3289 decent
1631 3252 1776 3292 numerum

985 3321 1013 3375 itt
1024 3336 1053 3375 se
1064 3322 1187 3377 continet
1199 3321 1330 3391 pretium,
1343 3322 1491 3392 angelicam
1501 3327 1625 3398 designat
1637 3339 1777 3396 naturast,

984 3429 1044 3482 quae
1058 3415 1091 3468 ad
1106 3415 1252 3483 imaginent
1264 3415 1310 3470 ilci
1322 3423 1413 3468 ereata
1428 3426 1480 3483 cst,
1492 3421 1646 3486 expressius
1660 3429 1686 3474 ct
1703 3423 1776 3477 telut

984 3505 1128 3573 quenulam
1143 3506 1284 3560 denarium
1299 3515 1353 3560 tres
1368 3504 1450 3561 habet
1463 3510 1600 3577 potentius
1615 3512 1775 3578 naturales,

985 3594 1166 3661 intellectum,
1184 3596 1362 3661 voluntatem,
1378 3605 1406 3652 et
1418 3600 1590 3663 mesuoriaut,
1608 3611 1712 3671 septeus
1727 3605 1774 3661 slo-

984 3685 1152 3753 nisSpiritus
1163 3686 1248 3741 sancti
1261 3686 1415 3758 insignitas.
1424 3687 1493 3744 lluic
1513 3692 1775 3750 seutentiaeconeor·

985 3774 1031 3828 slat
1047 3774 1117 3843 quod
1132 3777 1280 3844 perderent
1295 3781 1440 3834 draeismas
1450 3780 1476 3834 ist
1493 3781 1666 3849 Euangelio”
1677 3802 1774 3842 norem

986 3863 1096 3918 ordines
1123 3866 1282 3935 angelorum
1303 3877 1330 3922 et
1357 3867 1475 3922 bumana
1499 3877 1597 3923 natura
1619 3871 1772 3939 signantur.

983 3949 1067 4022 igitur
1081 3969 1129 4023 per
1150 3958 1291 4026 sexaginta
1314 3957 1401 4014 lortes
1419 3958 1457 4013 itti
1477 3960 1620 4031 signantur
1647 3966 1771 4034 spiritus,

984 4044 1029 4111 qui
1045 4045 1072 4097 in
1088 4046 1239 4102 subtilitate
1263 4049 1429 4104 naturalium
1452 4059 1481 4106 et
1504 4052 1671 4110 abundantis
1692 4055 1772 4125 spis-i·

985 4136 1099 4189 tualiuut
1114 4139 1279 4206 gratiarum,
1296 4148 1323 4192 et
1335 4141 1510 4207 expressiore
1524 4145 1664 4203 lineatoris
1677 4146 1774 4201 simili·

984 4227 1088 4292 tudine,
1100 4229 1217 4296 quadam
1231 4226 1399 4298 perfectione
1410 4234 1518 4287 caeteris
1531 4239 1709 4301 praeetuinere
1721 4254 1773 4292 no·

982 4327 1109 4372 sonatur.
1135 4318 1236 4374 lloruut
1259 4317 1403 4384 tortitudo,
1425 4320 1582 4388 prudentia,
1604 4333 1632 4378 et
1647 4326 1769 4392 obsequii

139 4401 238 4455 larium
256 4402 445 4471 uoluptatum
468 4404 598 4474 luresqui
621 4406 750 4463 auderunt
772 4411 928 4467 tltcsaurntn
946 4391 968 4446 Ῑ)
983 4410 1170 4477 promptitudo
1194 4409 1416 4476 autnonstratur,
1444 4424 1506 4462 ⁰⁰¹⁰
1531 4411 1645 4466 1111111111
1672 4415 1769 4470 vtum

137 4489 287 4555 sirtntnm3
313 4491 409 4546 bestias
435 4494 566 4548 devorant
591 4497 723 4565 grauitate
749 4497 928 4570 llagcllorusu.

139 4576 328 4650 Oportetergo
342 4588 479 4636 utcontra
496 4583 547 4638 ista
562 4585 664 4641 babeas
679 4587 811 4657 gladians.
827 4590 928 4648 Contra

137 4670 268 4737 primunr,
282 4670 402 4741 gladium
418 4671 592 4731 discretionis
620 4691 702 4751 super
729 4680 818 4735 lemur
840 4691 927 4748 tuum,

137 4765 166 4812 et
187 4759 228 4815 sie
247 4761 342 4831 procul
360 4762 488 4818 recedent
502 4767 607 4820 somnia
623 4778 651 4823 et
667 4772 787 4825 noctium
810 4773 927 4842 pitanta·

137 4854 237 4901 emata.
254 4847 356 4904 Contra
380 4852 540 4917 secuudum,
554 4854 674 4923 gladians
692 4858 883 4916 sollicitudinis
897 4861 923 4914 in

136 4950 232 5002 suana,
247 4939 326 4993 etsie
344 4941 545 4999 thesaurizabis
565 4944 613 5000 tibi
634 4947 781 5005 tltesauros
799 4951 826 5005 in
841 4953 924 5017 eoelo,

137 5025 182 5078 ubi
197 5025 272 5083 iures
287 5045 339 5085 nnn
354 5032 488 5090 elloslinnt
503 5034 690 5094 necfurantur
705 5039 739 5093 ss,
761 5038 807 5096 Sic
826 5052 922 5097 eontra

137 5113 204 5167 tinus
217 5119 273 5171 oris
286 5119 319 5174 ad
335 5123 404 5178 bella
419 5124 593 5183 doctissimus
608 5139 635 5184 et
650 5129 764 5186 bestiam
778 5139 857 5186 terra.
868 5147 921 5188 non

134 5200 306 5261 formidabis.

170 5292 212 5346 En
245 5293 369 5352 leontium
405 5299 553 5363 Solomonis
587 5313 724 5383 sexaginta
754 5312 835 5382 sortes
861 5331 920 5370 om·

133 5383 217 5451 tirsus,
230 5394 284 5440 etc.

982 4505 1096 4552 tenentes
1106 4499 1225 4568 gladios,
1237 4507 1259 4551 et
1271 4501 1305 4552 od
1317 4496 1384 4551 lello
1395 4498 1549 4566 doctissimi,
1562 4496 1590 4555 et
1601 4513 1698 4557 enters
1709 4521 1769 4574 quse

981 4598 1142 4657 sequuntur.
1156 4585 1185 4642 ln
1200 4588 1300 4658 gladiis
1313 4588 1471 4659 designatur
1484 4603 1606 4663 potestas
1617 4595 1768 4654 debellandi

980 4678 1113 4748 malignos
1129 4680 1251 4748 spiritus.
1267 4678 1335 4735 Cum
1349 4681 1520 4738 dieuttturod
1531 4686 1597 4740 bello
1612 4689 1768 4756 does'sss'sm‘,

979 4771 1136 4826 ostenditur
1155 4785 1249 4826 cortun
1270 4772 1416 4841 prudentia
1438 4777 1472 4829 ad
1487 4777 1652 4833 obviandum
1674 4796 1768 4841 cotnra

979 4874 1073 4915 omnes
1107 4860 1224 4918 insultus
1256 4862 1420 4920 daetuonutu.
1451 4864 1624 4924 Cstntauteut
1646 4873 1765 4929 dieitur:

980 4946 1197 5021 iluisscup'usque
1210 4955 1280 5009 eutis
1297 4971 1376 5026 super
1395 4957 1483 5028 [entur
1505 4977 1592 5026 suasu,
1616 4965 1768 5020 ostenditur

978 5056 1058 5112 qutun
1074 5045 1129 5099 sint
1140 5046 1270 5115 expediti,
1285 5055 1313 5101 et
1328 5062 1406 5117 quam
1424 5051 1512 5119 parati
1523 5052 1557 5107 ad
1573 5056 1765 5126 praeliattdsttss;
1780 5094 1781 5101 1

977 5148 1040 5187 num
1061 5134 1188 5190 bontines
1201 5138 1347 5207 pugnaturi
1369 5139 1433 5194 dunt
1458 5154 1619 5213 exspectant
1634 5149 1780 5202 aduersa»

977 5225 1066 5290 riuus,
1082 5240 1166 5296 super
1186 5226 1275 5282 icutur
1292 5244 1370 5283 sssutu
1391 5246 1545 5290 extractum
1561 5239 1650 5291 solent
1671 5247 1764 5295 tenere

974 5317 1104 5388 gladium.
1117 5319 1207 5386 Qstare
1219 5329 1308 5376 autern
1325 5322 1370 5378 isti
1380 5321 1465 5380 iortes
1480 5327 1552 5384 bunc
1563 5328 1690 5383 lectulum
1704 5346 1765 5386 aut-

976 5409 1063 5478 biant,
1080 5411 1283 5467 demonstratur
1307 5427 1369 5468 eunt
1385 5416 1500 5475 dicitur:
1520 5417 1631 5488 Propter
1656 5423 1765 5480 timores

168 5524 189 5553 ⁸¹
210 5525 330 5589 Cautuss.
369 5530 528 5590 ”tobes
568 5536 741 5596 ”besuam
780 5542 949 5600 “reaten
987 5545 1140 5603 ”l'sall¹
1180 5552 1214 5583 ⁸⁸⁶
1236 5552 1333 5607 llGor.
1359 5554 1387 5609 t.
1410 5554 1555 5611 “lobea
1594 5560 1615 5591 st
1639 5561 1760 5618 lateii.

169 5593 317 5666 illegll.
354 5601 555 5678 ''llattlullt
596 5607 774 5668 ''Msssslud
812 5614 997 5672 '‘beelttl.
1034 5618 1195 5679 'dte-art.
1232 5621 1415 5680 ”bs-attis.
1448 5625 1552 5684 ”Late
1575 5628 1619 5685 ts.
