3756 5994
111 242 163 302 adl
568 235 747 293 erlsroblu*
766 234 812 293 ΕΤ
830 234 1035 295 enlwrndtn.
1054 270 1092 286 -
1106 240 1164 298 eb.
1186 242 1265 300 leel.

1704 256 1758 317 eea

118 377 153 418 ac
167 363 368 416 sustentanone
389 365 521 409 concessa
542 361 605 409 suut
628 352 724 409 usibus
746 352 911 408 omnimodis
925 357 950 417 Δ
964 352 1756 441 clerotionirestraeauctoritateapostolicuconllrmanrns,

118 450 275 523 prolatura,
288 446 363 503 salva
375 443 615 514 sedisapostolicae
629 440 910 512 auctoritatesiquo
961 455 989 501 et
1004 449 1148 517 praesentis
1159 448 1255 521 scripti
1279 450 1433 521 patrocinio
1456 459 1674 525 conrrnunimrrs;
1701 474 1757 520 sta.

117 544 198 614 igitur
213 541 239 594 iu
256 540 380 594 luturuur
397 535 584 591 ecclesiastica
600 533 777 591 saecularisve
792 548 909 605 persona
963 546 1079 607 trientes,
1089 548 1120 594 ut
1134 540 1200 595 rrrrlli
1215 542 1326 615 omnino
1337 542 1419 599 liccat
1429 545 1500 600 banc
1513 547 1640 617 pagiuam
1654 560 1755 608 nostrae

116 634 305 688 narcuostra
321 623 667 694 corrstitutioulspaginam
697 624 790 680 scions
815 631 911 679 contra
961 627 1180 685 condrtnationis
1210 628 1371 703 inlrirrgcre,
1396 633 1440 688 rcl
1462 635 1487 689 ei
1512 650 1581 691 ausu
1608 645 1758 699 terruerario

118 737 180 778 earn
206 731 309 777 temere
336 721 427 774 uenire
451 715 619 779 notaverit,
649 715 769 771 scr-nudo
799 715 912 769 tertiove
964 720 1114 774 contraire.
1129 718 1159 775 Si
1175 721 1237 790 quis
1255 731 1346 778 autem
1358 723 1412 779 boc
1426 734 1564 782 attentare
1579 743 1757 802 presumpse-

123 814 301 879 cornmonita,
333 810 505 866 nisireatum
535 806 913 878 suumdignasatislactiune
964 810 1009 874 rit,
1019 810 1544 884 indignationemomnipotentisbei.et
1556 819 1695 877 beatorrrm
1705 823 1758 880 Po-

123 903 290 968 correxerit,
307 902 452 972 potestatis
473 899 640 968 honorisque
661 899 704 954 sui
719 909 812 954 careat
823 898 913 971 digni·
963 903 998 958 tri
1012 913 1039 958 ct
1053 903 1129 958 Pauli
1144 905 1328 975 apostolorum
1339 905 1408 976 cirus.
1415 923 1444 961 se
1456 910 1756 980 norerltincnrsurqm,

124 1007 197 1059 tate.
215 1008 345 1064 reamque
359 991 495 1049 murino
516 988 798 1059 judicloexistcrede
813 1004 911 1060 perpe·
999 992 1097 1050 batum
1119 994 1262 1060 Laterani,
1285 1013 1305 1053 ιι
1323 998 1386 1053 llal.
1410 997 1551 1068 llctobris,
1581 1004 1758 1072 pontidrsrm

123 1099 195 1144 trata
211 1086 354 1158 iniquitate
365 1091 562 1155 cognoscensa
573 1097 590 1138 a
602 1083 789 1140 sacratissimo
799 1096 913 1151 corpore

123 1197 156 1236 ac
170 1179 305 1246 sangnine
314 1179 362 1233 bei
375 1185 404 1233 et
419 1177 525 1233 Domini
541 1176 730 1246 Redemptoris
747 1175 833 1251 nostri
846 1174 912 1230 lesu

120 1269 221 1327 Christi
234 1269 323 1325 aliena
337 1269 485 1337 donatque
503 1266 529 1321 in
542 1273 665 1321 extremo
681 1266 807 1322 examine
818 1264 912 1321 distri-

121 1371 174 1416 ctae
187 1358 327 1428 subduceat
340 1358 447 1415 ultioni.
462 1356 576 1412 Cunctis
589 1365 680 1411 autem
692 1356 779 1411 eident
792 1356 852 1411 luco
862 1371 911 1413 sua

117 1449 180 1518 jura
193 1450 369 1506 screantibus
379 1449 415 1505 sit
428 1463 481 1519 pax
497 1447 604 1504 Domini
617 1448 704 1503 nostri
716 1446 781 1504 lesu
797 1448 911 1516 Clrrisd,

119 1554 256 1613 quatenus
274 1551 302 1597 et
316 1541 360 1596 bic
376 1540 493 1597 lructum
507 1539 586 1595 bonae
599 1539 718 1595 actionis
729 1540 863 1610 percipiat
884 1549 913 1595 et

121 1634 192 1703 apud
206 1633 359 1703 districtum
370 1631 491 1701 judicem
513 1629 625 1700 premia
647 1640 756 1685 aeternae
779 1631 856 1702 pacis
874 1631 914 1685 in·

121 1726 241 1781 ueniant.
257 1727 354 1781 brnen.

157 1817 213 1887 Ego
225 1817 400 1884 Caelestinus,
427 1813 571 1871 catholicae
594 1812 726 1870 Ecclesiae
751 1816 909 1886 episcopus.

158 1910 213 1978 Ego
226 1908 303 1965 Laui.
317 1909 397 1964 basil.
410 1907 587 1977 Xlldpostol.
602 1906 723 1978 presbyt.
742 1907 817 1959 card.

157 2003 213 2073 Ego
227 2002 357 2065 loannes,
373 2001 416 2058 tit.
428 2001 521 2056 Sancti
534 1999 683 2056 Clementis
707 1998 783 2054 card.
805 1997 906 2053 Tusca·

119 2094 350 2163 nens.cplscupus

157 2186 212 2253 ligo
227 2184 357 2249 llonran„
375 2184 419 2238 tit.
433 2181 542 2238 Sanctae
552 2182 681 2237 llnastas.
694 2178 786 2249 presb.
799 2181 874 2234 card.

156 2276 212 2347 Ego
222 2275 303 2346 bug..
316 2275 437 2347 presbyt.
451 2273 527 2329 card.
537 2273 629 2328 Sancli
638 2271 723 2329 trare.
734 2272 776 2326 til.
784 2270 909 2342 AEquitii.

156 2369 212 2439 b’gu
225 2367 358 2435 loannes,
374 2367 415 2421 tit.
432 2364 527 2421 Sancti
543 2362 672 2422 Stenlrani
690 2363 716 2418 iu
725 2362 811 2419 Coelio
821 2371 912 2417 monte

120 2460 262 2530 presbyter
275 2456 350 2513 card.

157 2549 213 2620 Ego
224 2546 354 2615 loannes,
365 2547 460 2603 Sancti
475 2546 612 2603 'l'bcodori
631 2546 706 2601 diac.
719 2545 796 2601 card.

157 2640 212 2709 Fgo
227 2638 393 2702 Bernardus,
408 2636 515 2692 Sanctae
536 2635 629 2692 llariae
640 2634 722 2690 doru
735 2635 810 2690 diac.
828 2637 906 2690 canl.

157 2728 213 2797 Ego
227 2727 394 2796 Gregorius,
417 2726 513 2782 Sancti
541 2724 667 2795 Gregorii
690 2726 724 2779 ad
751 2725 844 2781 Velum
868 2742 914 2781 au·

122 2835 211 2875 rernm
226 2819 299 2874 «linc.
312 2818 386 2873 card.

157 2912 214 2981 Ego
227 2910 360 2976 ioannes,
375 2908 563 2965 Prrcrtestlnus
576 2906 732 2978 episcopus.

964 1088 1050 1144 nostri
1066 1104 1140 1145 anno
1156 1091 1292 1148 secundo.

1313 1202 1403 1261 xcltl.

965 1311 1143 1368 Ecclesiurum
1167 1311 1370 1383 (llonrunnrurn)
1386 1313 1415 1370 S.
1431 1315 1527 1371 linrioe
1548 1318 1662 1375 dominre
1681 1320 1757 1375 lioste

999 1382 1267 1522 {tossiernntlissbuurenrii
1282 1385 1311 1438 in
1328 1387 1436 1439 cuslello
1449 1388 1536 1442 Aureo
1552 1391 1675 1455 siturrrnr,
1689 1394 1757 1445 bono

1215 1545 1368 1617 (laterani,
1382 1546 1442 1602 0cl.
1457 1547 1499 1619 l.)

927 1692 949 1749 B
964 1640 1102 1713 [Collerlio
1118 1638 1249 1694 bullarum
1261 1637 1313 1694 SS.
1321 1639 1437 1694 basilice
1451 1639 1595 1709 l'orironce,
1604 1652 1623 1698 t.
1633 1642 1687 1712 Lp.
1697 1643 1756 1718 Ἰὼ]
1785 1714 1788 1719 .

999 1734 1178 1789 Coesesrrrrus
1190 1732 1346 1801 episcopus,
1357 1746 1454 1785 seruus
1464 1747 1604 1788 serrorum
1620 1734 1678 1800 [lei.
1690 1736 1758 1792 ‹lite-

961 1826 1013 1881 ctis
1027 1824 1101 1888 liliis,
1116 1822 1212 1879 lotam
1237 1823 1394 1893 primicerio
1412 1833 1504 1878 nostro
1520 1825 1619 1880 rectori
1635 1827 1758 1883 ccclesiae

963 1913 1071 1969 Sanctae
1093 1911 1186 1968 llariae
1212 1910 1332 1967 borninee
1350 1910 1441 1979 llosa,
1459 1922 1487 1968 et
1504 1913 1580 1968 Beati
1607 1913 1755 1981 Laurentii,

961 2019 1022 2074 ane
1048 2005 1143 2074 positae
1166 2011 1231 2059 sunt
1259 2003 1285 2058 in
1311 2004 1424 2059 castello
1449 2003 1550 2068 burco,
1579 2013 1608 2060 et
1621 2007 1758 2064 universis

962 2095 1071 2150 clericis
1082 2095 1202 2165 ipsarum
1217 2094 1396 2150 ecclesiarum
1409 2103 1465 2149 tarn
1479 2096 1661 2166 praesentibus
1675 2112 1756 2168 quarn

963 2187 1064 2242 iuturis
1079 2188 1106 2241 iu
1121 2194 1293 2256 perpetuum.

998 2278 1089 2334 liunet
1117 2291 1166 2332 nos
1190 2277 1454 2349 apostolicaesedis,
1468 2277 1512 2334 cai
1529 2277 1593 2334 lieet
1615 2278 1756 2343 immeriti,

963 2367 1122 2439 disponente
1141 2367 1268 2435 bomine,
1294 2369 1493 2438 praesidemus,
1509 2368 1680 2436 auctoritas.
1707 2385 1758 2440 pro

962 2467 1034 2514 statu
1051 2459 1174 2514 oinium
1189 2460 1368 2516 ecclesiarum
1382 2461 1496 2531 provida
1510 2461 1757 2534 circumspectione

963 2561 1108 2621 satagere,
1124 2561 1152 2606 et
1171 2566 1205 2606 ne
1220 2567 1365 2622 pravorum
1384 2553 1524 2608 bominum
1542 2553 1677 2610 molestiis
1697 2557 1758 2625 agi·

965 2652 1067 2709 lentur,
1091 2643 1241 2714 apostolico
1275 2659 1323 2697 cas
1350 2645 1501 2713 patrocinio
1524 2649 1705 2706 communire.
1728 2651 1758 2708 si

964 2745 1057 2792 autern
1072 2737 1152 2807 longe
1165 2736 1261 2805 positis
1274 2737 1437 2805 pastoralem
1453 2752 1547 2795 curam
1565 2743 1769 2799 lencmtrrim·'

965 2827 1097 2898 petnlere,
1111 2825 1196 2883 rnult'o
1211 2826 1309 2881 lortius
1320 2841 1384 2897 erga
1396 2840 1455 2894 eas,
1471 2842 1532 2900 quar
1548 2829 1575 2885 in
1588 2832 1657 2887 urbe
1671 2830 1760 2890 llorntt

964 2927 1130 2975 constructe
1152 2925 1227 2980 sunt.
1251 2915 1325 2975 relat
1346 2931 1410 2985 erga
1435 2918 1589 2986 peculiares
1612 2919 1682 2979 lilios
1704 2923 1758 2980 boe

157 3003 218 3056 but.
233 3001 374 3068 Laterani,
391 3014 439 3072 per
454 3014 562 3053 urarrunr
571 2997 657 3070 blopsi
670 3007 771 3053 sancta
783 2995 911 3050 Romanae
925 3023 946 3079 G
964 3012 1095 3069 ,legemus
1106 3007 1230 3078 implere,
1248 3005 1413 3076 3quan
1425 3004 1516 3065 dpecq
1528 3008 1556 3065 j„
1571 3009 1685 3067 pomqno
1699 3010 1757 3078 pqr,

120 3092 249 3148 Ecclesiae
270 3091 395 3148 subdiac.
421 3089 549 3144 Laterani
570 3089 707 3153 canonici,
730 3103 760 3142 ιιι
783 3084 911 3150 ldlnlii,

121 3185 177 3239 ind.
190 3199 218 3251 x,
229 3182 430 3241 iucarnationis
454 3181 603 3236 borninleae
617 3197 690 3236 anno
706 3177 786 3239 true.
803 3177 912 3247 pontili-

120 3289 199 3334 catus
223 3292 289 3334 vero
314 3275 418 3334 domini
453 3276 596 3333 Coelcstini
622 3288 697 3345 papae
718 3270 750 3324 lll
769 3285 842 3325 auno
866 3285 911 3326 se-

118 3369 218 3425 cundo.

474 3434 554 3488 xctl.

121 3530 252 3583 denarret
266 3528 402 3582 conuerrlni
422 3525 593 3580 cisterciensi
614 3521 750 3577 ecclesium
781 3516 914 3573 Scirorrle·

157 3602 309 3667 beroensem
320 3599 414 3651 usserit
431 3613 446 3648 n
468 3595 602 3647 lliclrurrlo
627 3591 772 3660 duplorum
788 3602 847 3657 repe
862 3587 913 3639 do·

157 3679 256 3722 nutum.

383 3753 533 3824 (Laterani,
554 3751 609 3809 lul.
627 3749 687 3819 ab.)

122 3848 308 3923 illorumque,
336 3847 455 3917 Regulo,
485 3842 691 3898 constitutiones
722 3850 747 3897 et
777 3840 913 3912 priuilegio

297 3919 399 3973 ordlrn's
415 3914 606 3975 cisterciensis,
619 3928 646 3982 p.
658 3910 736 3984 232]

157 4014 336 4068 Censorinus
365 4008 526 4077 episcopus,
557 4018 652 4059 servus
682 4018 824 4059 serrorum
851 4000 912 4066 bel,

123 4103 231 4157 dilectis
254 4102 318 4155 dliis
331 4099 422 4155 abbati
434 4107 460 4150 ct
474 4096 623 4152 couventui
638 4093 828 4159 cisterciensi,
842 4090 915 4148 salu·

964 3104 1063 3165 restris
1084 3099 1166 3172 juretis
1191 3096 1422 3167 postulationibus
1435 3106 1599 3164 annuentes,
1620 3101 1759 3156 adcrem-

963 3198 1024 3270 plar
1040 3191 1128 3249 lelicis
1148 3186 1288 3244 memorien
1302 3187 1464 3251 Alexandri,
1478 3187 1556 3243 Lucii
1568 3198 1599 3245 et
1610 3188 1758 3246 Clementis

964 3288 1193 3359 predecessorum
1206 3288 1376 3342 nostrorum,
1389 3288 1501 3347 excepta
1513 3280 1651 3335 cummuni
1664 3280 1757 3337 delen·

963 3378 1053 3442 sione,
1068 3370 1180 3440 speciali
1196 3381 1304 3437 quoqne
1324 3365 1468 3436 privilegio
1487 3380 1535 3421 ros
1554 3365 1714 3430 nrurtinrus;
1729 3376 1759 3421 et

964 3472 1142 3533 quascunque
1165 3455 1374 3527 possessiones.
1398 3469 1568 3525 quaecunque
1589 3455 1657 3511 bona
1685 3470 1756 3526 prae-

964 3550 1045 3605 dictae
1073 3545 1196 3602 ecclesia
1220 3543 1466 3617 impresentiarum
1496 3540 1588 3612 juste.
1621 3551 1648 3597 et
1674 3557 1759 3599 cano·

964 3641 1026 3698 nice
1039 3636 1192 3710 possident,
1205 3643 1254 3692 aut
1274 3634 1300 3689 in
1321 3633 1441 3689 lnturnm
1458 3635 1635 3691 concessione
1647 3634 1758 3706 pontid·

964 3745 1025 3789 cum
1040 3768 1049 3796 ,
1067 3727 1213 3798 largitione
1240 3739 1333 3797 regum
1353 3725 1395 3779 rel
1421 3725 1573 3796 principum
1589 3765 1596 3788 ,
1614 3724 1756 3781 ululatione

965 3821 1094 3887 bdelium,
1114 3833 1162 3876 seu
1177 3815 1329 3887 aliisiustis
1344 3816 1449 3889 modis,
1465 3824 1611 3888 praestante
1625 3815 1755 3884 bornino,

964 3910 1089 3982 poteritis
1103 3906 1238 3978 adipisci,
1259 3906 1349 3971 uobis,
1366 3907 1518 3977 vestrisque
1539 3908 1755 3971 successoribus,

965 4001 1128 4058 auctoritate
1146 3998 1297 4067 apostolica
1321 3997 1348 4050 in
1369 4006 1530 4067 perpetuum
1549 3996 1755 4052 confirmamus.

965 4094 994 4150 ln
1012 4093 1114 4164 quibus
1130 4089 1188 4145 baec
1201 4088 1320 4161 propriis
1344 4088 1470 4144 drrsiruus
1483 4087 1659 4159 exprimenda
1673 4103 1754 4145 roca-

123 4204 178 4248 tenr
194 4202 221 4248 ct
236 4191 413 4263 apostolicam
429 4189 662 4246 benedictionem.
965 4187 1053 4245 bulis:

157 4283 243 4340 luatis
278 4285 428 4353 petentium
457 4280 602 4337 desideriis
630 4279 740 4348 dignum
780 4285 823 4332 cst
862 4290 913 4332 nos
1003 4277 1075 4333 ldern
1102 4273 1243 4332 castellum
1267 4273 1387 4329 aureum
1412 4284 1474 4324 cnm
1495 4269 1659 4326 utilitatibus
1686 4272 1753 4338 suis,

123 4373 231 4429 ducilem
244 4375 365 4443 pralrcre
378 4385 552 4436 consensum,
565 4378 594 4424 et
613 4378 688 4433 vota,
704 4380 765 4437 quae
783 4380 800 4420 a
827 4365 912 4420 ratiu-
927 4352 949 4409 ἶ)
964 4367 1091 4424 videlicet
1105 4364 1259 4437 parietibus
1274 4362 1336 4417 altis
1355 4368 1382 4417 ct
1398 4359 1519 4430 antiquis
1533 4358 1560 4415 in
1574 4359 1690 4417 circuitu
1707 4376 1756 4430 po·

125 4465 168 4519 nis
183 4465 296 4519 tramite
324 4478 378 4517 non
400 4460 569 4524 discordant,
590 4457 689 4513 enecn
710 4464 910 4526 prosequente,
964 4460 1037 4521 sitis.
1050 4473 1112 4513 cum
1126 4456 1251 4513 domibus
1264 4464 1292 4510 et
1304 4452 1463 4516 caminatis,
1483 4449 1587 4507 eisdem
1602 4450 1755 4521 parielibus

124 4553 272 4624 complere·
288 4553 450 4621 Eebl‘lblblr
466 4549 555 4605 dllsscll
568 4550 595 4604 ln
611 4549 727 4603 ⁰⁰¹¹ll¹¹⁰
740 4548 800 4612 lilii,
812 4547 913 4602 verilis
964 4549 1066 4607 tleloris
1080 4549 1198 4623 undique
1210 4546 1354 4618 copulatis;
1368 4545 1477 4600 bortum
1491 4540 1538 4615 qui
1547 4541 1672 4612 estjurta
1683 4541 1754 4600 idern

121 4645 202 4711 iustis
227 4641 458 4713 postulationibus
471 4649 549 4710 grato
570 4648 765 4696 concurrentes
788 4653 912 4704 assensn,
963 4643 1105 4698 castellum
1134 4656 1197 4696 eum
1225 4638 1391 4695 utilitatibus
1418 4636 1496 4700 suis,
1514 4643 1543 4689 et
1567 4634 1755 4704 superioribus

124 4737 267 4792 ecclesiam
280 4734 314 4789 de
341 4735 534 4805 Selrardeburg
555 4750 618 4791 cunr
633 4736 761 4790 omnibus
774 4734 913 4805 pertiuen-
963 4743 1123 4805 cryptarum
1136 4750 1144 4799 ;
1159 4731 1288 4801 popnlrnn
1305 4729 1378 4783 lorus
1390 4736 1495 4797 portam
1506 4725 1561 4793 jam
1572 4724 1636 4779 dicti
1650 4724 1753 4779 castelli

126 4828 171 4883 tiis
185 4826 242 4881 suis
263 4835 290 4881 et
313 4825 498 4891 libertatibus,
525 4828 599 4881 siunt
626 4826 783 4882 anthentica
811 4825 912 4893 scripta
964 4836 1072 4897 aparte
1086 4823 1239 4896 Campitclli
1256 4831 1283 4878 ct
1296 4822 1415 4892 regionis
1433 4818 1525 4876 Sancti
1541 4817 1648 4891 angeli.
1667 4812 1754 4891 usquc

124 4920 279 4975 charissimi
292 4919 319 4974 in
330 4919 440 4975 cbristo
462 4918 509 4972 lilii
537 4918 622 4974 nostri
646 4915 773 4972 llielrardi
801 4913 913 4970 illustris
965 4922 992 4974 iu
1005 4919 1131 4987 burgum,
1147 4917 1181 4969 ab
1204 4925 1320 4983 utraque
1335 4922 1412 4983 parte
1431 4912 1492 4976 rie,
1506 4922 1534 4965 et
1545 4911 1677 4982 piscinam
1690 4926 1753 4967 cnm

126 5013 200 5084 regis
212 5010 361 5081 Lugiorum
375 5010 474 5066 exinde
487 5010 559 5065 laeta
577 5006 775 5076 testantur,qui
792 5005 912 5060 rubisad
966 5021 1043 5065 ruere
1066 5005 1180 5062 salitule
1204 5020 1290 5073 usque
1309 5004 1336 5058 in
1359 5017 1451 5058 arcum
1479 5000 1676 5066 Selluriorunr,
1696 5009 1752 5056 eta

125 5107 347 5177 procurationem
363 5103 494 5159 abbatum
515 5100 627 5172 capituli
640 5097 777 5169 generalis
788 5097 912 5152 camdem
965 5111 1043 5173 prante
1058 5100 1148 5155 l‘inem
1158 5098 1235 5167 justa
1251 5095 1378 5165 praelatos
1397 5107 1489 5148 muros
1501 5093 1535 5146 ab
1550 5101 1662 5161 utraque
1675 5100 1753 5161 partu

123 5197 267 5253 ecclesiam
295 5195 338 5266 pia
367 5194 512 5265 largitione
525 5191 647 5253 donarit,
663 5189 697 5247 de
722 5188 863 5242 voluntate
885 5196 914 5242 el
965 5195 1030 5260 rioe3
1040 5191 1185 5247 ecclesiam
1199 5188 1306 5242 Sancta
1319 5184 1406 5240 Lucice
1420 5198 1480 5238 cunr
1494 5181 1664 5253 pcrtincrniis
1677 5179 1752 5246 suisa

127 5302 242 5344 assensu
264 5285 432 5343 uenerabilis
451 5283 545 5341 iratris
559 5282 647 5338 nostri
662 5279 790 5336 Ganlredl
812 5283 915 5339 Ebura·
965 5283 1109 5340 ecclesiam
1129 5279 1223 5336 Sancti
1248 5276 1368 5340 Felicis,
1383 5286 1411 5330 et
1435 5274 1547 5328 landum
1572 5272 1617 5340 qui
1640 5279 1754 5325 rucatnr

126 5379 217 5433 censis
242 5374 443 5447 archiepiscopi
468 5383 534 5431 tune
562 5372 659 5440 electi,
692 5374 764 5431 sicut
793 5373 912 5444 ejusdcm
965 5375 1097 5433 ordeolus
1110 5388 1172 5428 eum
1188 5368 1360 5442 pertiuentiis
1373 5367 1441 5432 suin
1454 5365 1568 5421 lundam
1580 5361 1626 5433 qui
1640 5371 1753 5415 vocatur

125 5470 313 5524 autltenticum
333 5467 465 5539 scripturn
480 5474 603 5531 testatur,
617 5476 646 5522 et
667 5466 740 5522 sient
763 5468 789 5522 in
815 5466 914 5523 litteris
966 5465 1128 5530 l‘orcaritia,
1143 5463 1230 5532 Caput
1248 5458 1387 5516 Caballum
1398 5500 1407 5521 ,
1419 5454 1571 5516 Galeriam,
1586 5449 1751 5514 bulanloue,

124 5560 397 5618 venerabilistratrts
415 5558 530 5616 loannis
549 5559 752 5628 anagumensis
770 5558 913 5615 Praenesti·
966 5553 1113 5609 servilian.
1136 5550 1282 5606 Arcloncm
1301 5548 1344 5602 rel
1366 5545 1574 5616 quibuscunque
1586 5540 1649 5596 aliis
1671 5551 1754 5595 roca·

126 5653 219 5711 nensis
234 5651 355 5723 episcopi
370 5660 435 5708 tunc
458 5649 542 5718 legati
570 5650 598 5705 iu
622 5647 720 5717 Augila
745 5648 911 5712 continetur,
967 5644 1039 5703 bulis
1053 5651 1201 5707 uocantur,
1218 5655 1281 5700 cum
1295 5637 1395 5705 uineis,
1407 5634 1494 5701 siluis,
1509 5632 1607 5704 pratis,
1630 5630 1755 5707 pascuis,
