3756 5994
115 192 169 251 569

542 185 715 269 condedi.
736 185 770 239 trt
781 178 935 241 'cedride
953 184 1087 242 cedite.
1107 219 1140 229 -
1154 186 1218 242 tto.
1238 187 1305 243 tttt.

1688 193 1742 251 550

116 315 259 368 raserunt,
275 312 480 375 percusserunt,
503 304 617 374 pallium
641 302 772 357 tullerunt.
789 300 1030 365 tnreneameo,
1056 299 1259 355 consolationes
1293 309 1345 354 trra
1377 300 1583 361 latidearerrrnt
1619 306 1740 364 animam

115 399 219 456 rnntin
240 411 319 453 nturo
339 396 513 461 solitudinis,
535 401 733 464 percusserunt
751 392 779 447 in
808 391 905 448 itaculo

115 489 315 554 correctionis,
333 488 549 544 vulneraverant
564 489 591 542 io
603 488 695 559 gladio
710 485 904 556 separationis.

117 579 292 633 tarrdaverunt
307 577 390 648 pallio
410 577 554 634 secularis
581 575 809 632 corarersationis.
828 575 906 632 Ιιιιιο-

118 677 219 724 nerunt
234 669 260 722 in
280 682 360 724 muro
382 668 550 732 solitudinis,
578 683 613 723 ne
624 666 763 723 dilationis
790 669 904 733 taedeat,

119 758 147 813 in
169 758 265 814 haculo
278 758 470 823 correctionis,
487 773 522 813 ne
537 772 602 813 caro
617 756 740 812 lasciviat
752 794 760 823 ,
773 758 800 811 in
816 758 905 828 gladio

118 849 312 919 separationis,
328 864 361 903 ne
374 850 487 918 spiritus
498 850 574 904 carni
591 849 764 912 consentiat,
785 848 905 902 nudare·

120 951 185 996 rurtt
199 941 282 1011 pallio
296 941 438 996 saecularis
453 939 682 1002 conuersationis.
694 947 724 995 ut
743 939 776 994 ad
788 954 905 1010 operan-

120 1033 184 1086 dum
203 1047 232 1087 se
245 1032 382 1100 expediat.
397 1030 490 1086 Primo
502 1032 667 1086 invenerunt
678 1030 704 1085 in
716 1045 794 1085 nturo
807 1031 904 1085 solitu·

120 1120 202 1183 diois,
217 1119 335 1174 solitudo
350 1118 447 1187 triplex
464 1128 525 1174 est:
546 1118 633 1187 prima
651 1118 905 1188 ritiosmsingulari-

120 1211 197 1275 tatis,
210 1212 329 1268 sectanda
350 1211 491 1266 derelictio
507 1211 533 1265 in
558 1210 691 1282 angustiis
710 1209 903 1276 tribulationis,

120 1305 200 1358 tertia
224 1313 268 1359 est
293 1306 320 1359 in
345 1305 522 1360 meditatione
548 1303 677 1358 desiderii
704 1301 836 1357 caelestis.
866 1301 905 1356 lie

119 1395 230 1464 prima:
258 1396 332 1451 riae
350 1395 411 1461 soli,
444 1395 508 1464 atria
535 1393 557 1449 si
582 1392 711 1448 ceciderit
735 1406 790 1447 non
825 1390 905 1446 habel

957 405 1045 447 ineam
1064 389 1113 444 ⁸⁸.»
1131 388 1248 446 Bactrius
1263 390 1330 445 lacit
1344 391 1467 448 lssrorem.
1493 394 1539 449 list
1553 396 1622 451 liror
1647 408 1681 453 er
1694 399 1742 453 lae·

956 484 1180 554 sionecorporis,
1197 492 1225 539 ct
1237 485 1306 539 liror
1320 484 1438 540 invidiae.
1455 485 1550 542 Unde:
1565 507 1575 541 ι
1592 488 1693 547 Vulnus
1712 502 1741 547 et

956 575 1063 637 liro'ret
1076 576 1155 647 plaga
1183 583 1290 630 tumens
1306 576 1355 632 ⁶⁸.»
1376 576 1409 631 tit
1430 585 1472 631 cst
1498 576 1567 632 iiror
1588 581 1740 649 spiritualis

956 662 1115 734 anxietatis,
1127 676 1155 723 et
1169 667 1241 722 hunc
1252 667 1363 723 lirorem
1373 668 1492 737 primum
1502 667 1738 735 lrabuitClrristus,

956 761 1034 830 catius
1051 761 1137 817 livore
1148 760 1238 817 sanati
1249 775 1343 815 strrnrts
1354 759 1386 814 ⁸⁸.
1399 759 1514 815 Gladius
1530 759 1618 814 latndit
1628 761 1740 831 sangui-

956 867 1017 908 nem
1042 852 1178 922 appetitus
1201 852 1378 921 spiritualis:
1408 851 1479 905 tande
1501 850 1556 903 rita
1590 852 1687 906 animat
1711 851 1741 906 in

955 943 1088 1014 sanguine
1106 953 1159 1000 est.
1176 943 1255 1000 Unde
1270 943 1307 996 ait
1319 940 1405 996 David
1423 956 1431 995 s
1453 958 1463 992 ι
1479 940 1566 995 Eliodi
1582 942 1608 995 in
1625 957 1669 996 me
1681 940 1742 997 arti·

956 1050 1029 1090 mam
1047 1050 1135 1090 meam
1147 1033 1233 1088 ⁸⁸-⁸'.r
1249 1032 1398 1087 Denudatio
1410 1031 1483 1102 pallii
1497 1031 1561 1086 iacit
1571 1032 1737 1101 expeditum.

957 1126 1034 1183 liudo
1054 1124 1153 1192 ioscplt
1177 1140 1210 1181 eo
1234 1125 1332 1179 relicto
1363 1124 1397 1179 ad
1423 1122 1581 1193 fugiendum
1602 1123 1654 1178 luit
1669 1125 1742 1178 reio·

957 1217 1026 1273 clor.
1049 1213 1166 1271 inaraner
1210 1215 1303 1271 relicta
1340 1215 1456 1270 sindone
1495 1214 1529 1268 ad
1567 1214 1738 1269 eradendum

955 1309 1006 1364 luit
1032 1309 1151 1363 iiltcrior.
1193 1307 1264 1362 Elias
1287 1306 1381 1362 relicto
1406 1305 1488 1375 pallio
1523 1306 1549 1359 in
1582 1314 1673 1370 terra,
1704 1305 1739 1358 ad

957 1400 1159 1457 ascendendum
1187 1397 1213 1452 in
1237 1397 1335 1453 roelum
1360 1398 1412 1452 luit
1444 1397 1568 1451 alacrior.
1604 1395 1739 1451 Custodes
1790 1426 1795 1433 ·

119 1486 308 1541 stabierantem
322 1487 379 1541 ⁸⁸.r
396 1486 470 1543 Talis
495 1485 632 1541 solitarius
650 1484 754 1555 primus
776 1472 827 1537 luit
844 1482 904 1536 dia·
955 1491 1082 1557 civitatis,
1094 1486 1735 1553 scilicctEca·ieriae,meritodiximusapostulos,
1799 1538 1800 1542 ,

119 1576 208 1632 billis·
226 1578 264 1635 De
279 1578 493 1634 secundottln
512 1577 703 1633 solitudinibus
714 1581 838 1630 erratiles
851 1572 900 1627 ⁸⁸³
953 1584 1032 1654 juxta
1062 1583 1151 1638 illud:
1186 1581 1298 1650 isuper
1321 1594 1414 1634 muros
1436 1577 1587 1633 ierusalem
1609 1575 1739 1631 eotrstitul

119 1667 153 1724 Et
164 1670 289 1725 Claristus
305 1670 331 1724 in
347 1670 496 1740 passione:
515 1686 525 1721 ι
541 1667 728 1738 circumspexi
739 1675 766 1721 ct
781 1678 834 1719 non
846 1672 904 1722 crat
922 1637 1081 1723 Bcustodes
1093 1668 1128 1733 ¹⁴,
1145 1686 1154 1720 ι
1180 1675 1208 1722 et
1219 1667 1336 1721 aretinae
1354 1663 1463 1718 Petrum
1490 1670 1516 1716 et
1543 1663 1667 1726 l'atdum,
1691 1664 1738 1730 qui

119 1761 329 1818 atrxitiatorli.»
359 1761 409 1815 Et:
436 1759 564 1816 rSinrilis
589 1757 751 1814 iaetussurn
781 1755 905 1825 pelicano
956 1769 1095 1825 sponsant,
1117 1755 1207 1810 idest
1232 1753 1567 1817 Ecclesiam,inrcncrtmt
1590 1758 1739 1813 errantem,

119 1850 274 1905 solitudinis
287 1850 336 1907 ⁸⁰.»
347 1851 384 1906 tie
396 1850 477 1906 tertio
490 1867 498 1904 ε
513 1867 523 1901 ι
538 1848 637 1904 Faetus
648 1863 707 1902 suna
725 1846 796 1902 sicut
812 1857 906 1914 passer
955 1853 1150 1916 percusserunt
1168 1849 1375 1914 repugnantem,
1387 1841 1604 1894 vulneraverunt
1613 1839 1736 1894 obstitis·

120 1941 259 1995 solitarios
275 1941 301 1996 iu
321 1950 391 1997 tceto
406 1939 492 1994 ‘irin
514 1939 564 1995 lrac
577 1947 638 1993 erat
648 1934 904 2007 ltartadtagdatena
957 1946 1012 1993 tam
1028 1937 1127 2006 sagitta
1151 1934 1321 2000 dilectionis,
1348 1932 1533 2002 spoliaverunt
1555 1932 1740 1988 inveteratam

120 2047 245 2100 tprtaerens
264 2031 426 2087 ilentiunnt:
444 2031 694 2099 ‹domine,inquit,
710 2031 732 2083 si
755 2037 782 2083 tu
793 2024 905 2082 sustuli·
961 2029 1044 2100 pallio
1066 2029 1165 2084 ueteris
1185 2027 1412 2081 eorrrersationis.
1437 2026 1473 2079 ile
1501 2026 1589 2094 primo
1618 2024 1739 2079 dicitur:

118 2125 238 2188 sticum,
253 2124 336 2179 dicito
354 2123 418 2178 otiiti
437 2131 464 2176 et
477 2136 527 2193 ego
542 2135 603 2175 eum
616 2118 761 2175 toliamll.»
780 2118 905 2173 Secundo
958 2136 968 2170 ι
986 2117 1083 2174 Errati
1097 2118 1168 2172 sicot
1199 2117 1258 2170 oris
1277 2130 1337 2184 aare
1352 2115 1471 2184 perierat
1482 2115 1531 2166 ”a
1556 2113 1608 2168 Sed
1626 2123 1739 2178 contra,

118 2223 311 2283 percusserunt
324 2214 412 2286 gladio
424 2209 808 2280 correctionisllndeattrga
821 2219 864 2265 tua
876 2218 904 2264 et
955 2207 1052 2263 l’ctrns
1064 2206 1203 2276 apostolus
1217 2214 1245 2259 et
1261 2204 1360 2259 Paulus
1371 2206 1466 2258 doctor
1475 2204 1608 2273 gentium,
1624 2204 1674 2272 ipsi
1689 2217 1739 2256 nos

118 2306 228 2360 ltactdus
244 2306 372 2375 tuusipsa
387 2304 578 2361 meeoosoluta
590 2301 905 2369 surtt⁸⁸.t-atiorripiet
953 2300 1103 2357 docuerunt
1116 2298 1201 2366 legem
1219 2292 1442 2359 tuam,·tiomtne.
1461 2293 1638 2364 ilepugnaltat
1660 2293 1739 2362 juata

119 2406 162 2455 rrae
184 2402 272 2460 postus
293 2393 320 2447 io
343 2393 529 2449 misericordia
553 2400 579 2447 et
610 2390 762 2461 increpabit
784 2405 828 2444 tnc
849 2390 899 2443 ⁸⁸.»
954 2390 1018 2446 illud
1035 2409 1042 2445 ι
1062 2408 1071 2442 ι
1088 2389 1127 2443 Tar
1151 2386 1298 2457 discipulus
1311 2387 1371 2455 ejus
1390 2387 1440 2450 sis,
1456 2398 1505 2438 nos
1524 2383 1649 2453 discipuli
1671 2382 1738 2437 liosi

121 2500 131 2534 ι
148 2482 213 2553 Ego,
225 2484 264 2539 ait
280 2484 420 2551 Dominus,
436 2499 505 2555 quos
520 2497 581 2539 amo
592 2498 676 2554 arguo
688 2492 716 2538 et
729 2483 834 2552 castigo
848 2481 899 2536 ”a
952 2497 1045 2541 sumus
1057 2482 1108 2537 ¹¹.»
1124 2480 1176 2536 Sed
1191 2493 1318 2549 percussa
1336 2484 1378 2533 est
1398 2475 1475 2546 juata
1491 2475 1557 2530 iilud
1573 2492 1580 2528 ’.
1598 2492 1608 2525 ι
1626 2472 1740 2530 Pereutc

121 2589 131 2623 ι
148 2573 247 2642 argue,
257 2574 382 2639 obsecra,
399 2575 506 2644 increpa
521 2573 605 2628 ⁸⁸.-r
616 2573 750 2643 corripite
758 2573 901 2642 inquietos,
954 2573 1038 2628 illium
1054 2582 1128 2627 tuum
1142 2574 1229 2642 virga,
1241 2580 1269 2626 et
1279 2570 1408 2625 literatis
1418 2568 1537 2622 animam
1550 2565 1609 2634 ejus
1622 2581 1637 2621 a
1652 2574 1740 2621 morte

119 2662 299 2717 cartrsolamiui
322 2663 522 2733 pusillanimes,
551 2666 680 2733 suscipite
704 2664 826 2717 indrmos
849 2663 899 2716 ¹⁸.r
953 2664 1003 2719 ι’.»
1020 2664 1159 2718 trustinata
1173 2671 1232 2715 crat
1247 2669 1276 2714 ιιι
1287 2662 1388 2715 diceret
1399 2659 1481 2713 :ised
1494 2672 1580 2727 ireque
1593 2657 1616 2711 si
1629 2657 1741 2726 spiritus

118 2750 276 2808 ieremias:
299 2771 308 2805 ι
326 2753 491 2809 Percussisti
503 2767 550 2807 eos
561 2762 589 2807 ct
602 2767 653 2807 non
676 2752 837 2817 doluerunt,
861 2760 903 2805 at·
953 2754 1091 2811 iactnscst
1101 2750 1375 2809 audirtarus'¹·.‹sed
1389 2751 1528 2804 vulaterata
1540 2748 1626 2803 dicit:
1642 2747 1741 2803 Volate-

119 2841 217 2896 trivisti
230 2856 277 2897 eos
294 2852 323 2899 et
334 2853 482 2897 renuerunt
492 2843 616 2911 accipere
627 2843 811 2912 disciplinam,
823 2843 902 2897 indo·
955 2858 1013 2903 rara
1026 2847 1154 2901 enaritate
1167 2861 1225 2914 ego.
1247 2844 1402 2899 irtreterata
1418 2850 1478 2897 erat
1501 2841 1543 2895 cui
1556 2843 1658 2896 dietom
1670 2849 1713 2895 est
1726 2854 1735 2894 r

119 2942 252 2989 raserunt
279 2932 363 2988 iacies
385 2949 449 2989 suas
469 2948 551 3002 supra
576 2942 687 2994 terram,
708 2940 735 2986 et
757 2931 935 3026 nolueruntC
956 2957 965 2991 a
984 2939 1080 2992 Esaiae
1093 2945 1211 2991 veterem
1238 2934 1375 2988 hominem
1403 2947 1464 2988 cnm
1492 2932 1598 2987 actilrus
1611 2931 1670 2987 suis
1685 2931 1737 2984 ”a

119 3023 269 3080 revertit.»
281 3023 374 3079 Tertio
384 3024 597 3079 rralnerarerunt
608 3023 697 3091 gladio
709 3022 898 3089 separationis.

115 3114 156 3169 De
171 3116 222 3170 lanc
232 3114 302 3169 dixit
316 3131 323 3168 :
343 3131 353 3165 ι
374 3113 433 3169 Νοιι
445 3114 506 3169 reni
527 3113 636 3168 mittere
660 3128 767 3183 pacem,
780 3115 827 3170 sed
842 3114 902 3184 gla-

117 3206 192 3260 dium
202 3205 254 3259 ⁸⁷.»
278 3204 332 3261 isto
349 3223 359 3258 ι
382 3219 474 3261 sermo
488 3204 534 3261 Ilei
549 3207 628 3261 rivus
641 3215 667 3260 et
679 3205 809 3261 cilicaaet
822 3219 903 3276 pene·

118 3293 244 3349 trabilior
257 3294 331 3349 carni
352 3293 441 3363 gladio
469 3295 581 3365 ancipiti
595 3305 625 3351 et
648 3298 805 3366 pertingens
818 3311 902 3366 usque

117 3384 153 3438 ad
173 3385 333 3441 divisionem
367 3385 451 3440 aniani
489 3400 522 3441 ae
555 3387 669 3455 spiritus
689 3386 747 3441 ⁸⁸.»
778 3387 902 3442 Gladium

118 3476 199 3531 istum
212 3475 266 3530 diti
292 3489 448 3531 sertnoneto
472 3490 526 3530 non
551 3476 698 3545 prolatum,
714 3476 760 3532 sed
773 3476 903 3531 incarna-

118 3572 188 3621 ιιιιιι.
203 3565 307 3632 Quarto
334 3565 453 3622 tulerunt
467 3567 579 3638 pallium
602 3567 741 3623 saecularis
756 3581 902 3623 convorsa·

119 3654 209 3712 tionis.

154 3768 263 3838 Triplex
279 3778 321 3826 est
337 3769 448 3841 pallium
469 3770 539 3826 istud
555 3786 563 3824 a
578 3769 713 3839 iprimnm
739 3767 900 3839 uoluptatis,

119 3863 264 3917 secundnm
288 3860 430 3926 vanitatis,
448 3861 560 3916 tertium
578 3860 764 3931 malignitatis.
780 3861 901 3916 Primum

118 3950 172 4005 iuit
194 3952 260 4006 illud
288 3950 360 4020 quod
384 3949 485 4020 ioscplt
511 3949 623 4019 reliquit
640 3948 749 4021 fugiens
772 3950 799 4004 in
820 3966 901 4004 anatra

118 4039 235 4095 dotatore
246 4039 400 4095 meretricis
415 4038 459 4103 ”,
487 4038 637 4094 secundum
653 4038 718 4093 illud
739 4040 810 4108 qarod
820 4037 903 4094 ioan-

119 4147 168 4188 nes
184 4132 351 4204 eraogeiists
363 4134 391 4186 in
402 4146 482 4186 ntanu
492 4130 645 4187 iudeorum
662 4131 834 4202 reliquisset
846 4135 900 4201 ille,

119 4229 221 4298 inquit,
249 4228 347 4296 reiecta
377 4229 492 4283 sindone
513 4227 580 4298 lugit
597 4226 646 4281 ⁸⁸.»
677 4227 799 4281 Tertium
814 4229 900 4296 quand,

953 3030 1021 3085 sodi
1047 3029 1209 3099 spoliatamr
1230 3024 1387 3093 iiaspoliori
1414 3039 1455 3077 rae
1471 3024 1561 3076 turrice
1585 3038 1653 3089 mett,
1670 3035 1738 3094 gao⁴

952 3123 1029 3178 modo
1041 3124 1138 3176 intlunr
1149 3120 1195 3176 ilio
1206 3121 1218 3175 i

989 3216 1082 3284 ltaque
1104 3222 1133 3267 ut
1158 3218 1252 3267 contra
1273 3223 1396 3266 errorem
1420 3207 1588 3262 illuminetur
1611 3205 1754 3273 scientia,-

952 3309 1061 3363 reniant
1076 3305 1173 3360 Petrus
1183 3312 1212 3358 et
1234 3302 1336 3356 Patrius
1353 3310 1480 3369 tanquam
1495 3298 1549 3352 duo
1563 3295 1682 3352 scientia
1697 3296 1739 3350 iu·

954 3397 1080 3453 minaria.
1115 3395 1231 3463 Propter
1257 3382 1316 3447 lroc⁴
1333 3390 1405 3445 enim
1434 3388 1531 3457 legitur
1557 3385 1682 3440 Salomon
1712 3386 1738 3440 in

955 3485 1057 3554 templo
1072 3484 1170 3540 iecisse
1195 3482 1251 3537 ileo
1276 3477 1416 3536 elterulritn
1439 3479 1473 3531 de
1504 3476 1584 3545 lignis
1607 3475 1739 3529 olivarum

953 3579 1046 3634 decern
1059 3577 1211 3632 cubitorum
1234 3569 1399 3635 altitudinis,
1420 3576 1448 3624 et
1471 3567 1530 3623 alas
1558 3568 1678 3638 quinque
1691 3582 1740 3622 eu-

953 3672 1070 3727 bitorutn
1083 3669 1117 3726 ¹¹.
1139 3667 1253 3737 [lignum
1276 3669 1334 3719 erat
1363 3669 1392 3716 ut
1408 3660 1533 3717 Christus
1557 3659 1604 3730 quai
1623 3666 1738 3714 venerat

954 3760 1169 3816 misericordiam
1187 3757 1277 3814 latuere
1289 3758 1366 3813 trahis
1379 3755 1529 3825 assignaret
1544 3753 1618 3808 viros
1633 3751 1738 3807 miseri·

952 3853 1063 3917 eordiae,
1091 3862 1119 3906 ut
1142 3850 1177 3905 iis
1201 3850 1247 3919 qtri
1278 3849 1435 3905 ceciderant
1454 3859 1503 3915 per
1516 3846 1580 3899 ddae
1595 3843 1737 3898 stultitiam

952 3947 1076 4000 immines
1100 3943 1217 3999 seientes
1235 3942 1386 4010 assignaret
1410 3936 1454 3993 ille
1478 3937 1525 4008 qui
1551 3936 1629 3990 docet
1651 3934 1739 3988 laomi-

953 4048 1015 4088 ttem
1031 4032 1183 4095 scientiam,
1199 4041 1228 4084 ut
1254 4044 1303 4097 per
1318 4044 1363 4082 eus
1377 4027 1481 4080 iaceret
1504 4024 1685 4094 spiritualiter
1698 4022 1737 4076 le

955 4121 1189 4197 genrirrtclligerc,
1206 4121 1251 4189 qrti
1280 4119 1354 4170 ιιιιιιίι
1377 4131 1431 4169 ιιοιι
1458 4114 1543 4181 legem
1573 4112 1677 4166 solvere
1690 4112 1737 4166 sed

951 4216 1139 4290 aditnplere'⁸.
1153 4215 1215 4269 ilaec
1230 4213 1283 4267 tluo
1294 4207 1435 4266 citerultint
1446 4204 1516 4258 taeta
1529 4211 1593 4258 sutri
1608 4202 1642 4256 dc
1656 4201 1736 4271 lignis

123 4321 182 4377 Elia
194 4321 358 4377 aseendente
371 4319 398 4373 in
414 4319 525 4382 coelttm,
538 4317 566 4371 in
584 4326 657 4371 terra
671 4317 845 4376 remansit⁸¹.
863 4320 901 4375 io·
917 4316 1105 4378 Doliturum:
1132 4309 1194 4378 qaia
1216 4304 1261 4360 isti
1285 4310 1347 4358 sunt
1366 4297 1416 4352 riri
1442 4293 1653 4350 misericordiae:
1667 4305 1738 4360 quo·

119 4415 211 4468 sentin
234 4412 377 4468 custodum
404 4407 494 4463 aulcrt
517 4407 733 4471 desolationem,
759 4413 901 4478 percussio

119 4504 206 4559 bactrii
226 4503 293 4559 lacit
304 4502 429 4561 lironem,
444 4496 550 4567 gladius
560 4496 705 4553 vulnerans
714 4494 828 4554 effundit
841 4516 901 4556 sarr·

119 4596 241 4666 guinem,
256 4588 405 4646 denudatio
426 4585 499 4655 pallii
516 4586 605 4641 reddit
624 4587 779 4656 expeditum
793 4592 826 4647 ati
837 4606 902 4662 ope·

119 4687 266 4740 rationem.
280 4679 482 4735 desolationem
492 4677 658 4743 solitudinis,
671 4677 781 4735 livorem
797 4685 901 4737 coitari·

119 4772 213 4836 tionis,
231 4770 391 4841 uatngniaem
404 4767 539 4837 appetitus
551 4766 703 4836 spiritualis
715 4769 749 4825 ad
764 4772 901 4838 operatio-

118 4879 180 4920 nem
196 4864 315 4917 rirtutis.
335 4859 459 4915 larentia
477 4859 622 4915 custodum
643 4859 733 4914 aufert
754 4860 901 4915 desolatio·

118 4964 228 5018 nonnul
242 4955 335 5007 ilicet:
351 4950 512 5005 Bettedictus
525 4964 566 5016 es,
583 4948 695 5003 Dorrtine
707 4948 790 5013 Deus,
805 4971 814 5000 ι
829 4964 899 5019 qno·

119 5047 191 5101 niam
204 5045 331 5114 adjuvisti
355 5054 383 5100 ct
397 5041 557 5100 cottsolatus
569 5055 599 5096 es
614 5054 658 5095 ane
673 5040 727 5104 ⁸¹,r
759 5050 807 5093 et:
828 5059 837 5091 ι
852 5042 901 5096 se-

117 5139 235 5195 cundum
258 5134 457 5192 multitudinem
472 5132 595 5188 dolorum
618 5145 741 5186 meorum
770 5131 797 5186 io
816 5135 901 5190 corde

953 4422 1012 4462 rum
1026 4402 1139 4474 justina
1164 4397 1328 4454 olriirioncm
1347 4406 1401 4446 oon
1418 4392 1581 4456 aeceperunt
1593 4383 1627 4438 ²¹.
1650 4380 1681 4434 lli
1693 4381 1735 4434 di-

951 4509 1050 4555 cuntnr
1074 4494 1214 4565 plenitudo
1241 4486 1380 4545 seientlae:
1407 4481 1471 4552 quia
1492 4493 1547 4533 non
1572 4474 1737 4543 unaesiernnt

953 4592 1096 4648 scientiam
1124 4587 1358 4656 phantasticarum
1380 4567 1669 4643 argumentationum:
1686 4562 1735 4616 sed

956 4702 966 4736 ι
981 4681 1124 4739 scientiam
1138 4674 1255 4744 iieiplus
1270 4682 1350 4741 quant
1364 4656 1550 4721 holocaustu’rn
1565 4657 1616 4710 ”a
1638 4653 1736 4709 liccem

954 4774 1106 4829 circitorum
1120 4765 1184 4821 dicti
1213 4769 1277 4818 suant
1297 4757 1361 4829 quia
1377 4749 1555 4822 spiritualiter
1568 4754 1596 4800 et
1609 4745 1738 4799 doeerrtcs

955 4870 983 4916 et
997 4855 1178 4926 adimplentes
1192 4853 1284 4906 decem
1303 4847 1371 4917 legis
1384 4837 1514 4896 articulos
1524 4833 1663 4904 accepturi
1674 4839 1738 4886 sunt

955 4948 1093 5003 uobiscum
1109 4941 1228 5013 singulos
1242 4934 1379 4992 denarios.
1402 4928 1540 4983 liabemus
1551 4936 1617 4989 ergo
1630 4922 1658 4975 io
1671 4919 1737 4974 clte-

955 5042 1043 5096 mitim
1057 5034 1210 5095 scientiam,
1225 5029 1251 5083 in
1269 5026 1349 5096 lignis
1370 5020 1447 5076 olitae
1467 5012 1693 5075 ntisericordiam,
1707 5009 1735 5063 itr

953 5132 1046 5188 decern
1066 5127 1164 5184 cultilis
1182 5122 1250 5193 legis
1274 5114 1498 5177 observantiam:
1526 5105 1678 5165 selemiam,
1706 5109 1738 5157 ut

151 5295 326 5355 “nectet
362 5294 385 5326 ιι
398 5293 478 5349 neor.
497 5292 540 5348 tt.
577 5287 734 5345 utettan.
787 5285 896 5345 aaran.
921 5287 984 5342 ιιι.
1030 5284 1053 5318 ⁸·
1078 5282 1144 5338 tort.
1190 5272 1373 5331 ⁸⁰Joan.20.
1410 5269 1431 5302 ιι
1456 5265 1586 5351 ecanae.
1624 5262 1734 5317 uasat.

120 5369 182 5423 lttt.
211 5359 557 5434 ”opocerrttrumt
594 5357 789 5413 etiamad
827 5355 961 5410 ⁸‘ier.5.
998 5348 1189 5408 fluctuati.
1221 5342 1379 5400 ”licitas
1408 5337 1578 5392 '’detnatt.
1616 5331 1733 5410 “liare

120 5438 164 5491 ιι.
214 5438 235 5470 ι·
251 5435 283 5490 ιι
299 5433 366 5502 aaa.
383 5432 411 5486 a.
466 5424 638 5487 ⁸mansa.
688 5425 856 5483 eremos.
904 5424 1041 5479 trister.
1092 5420 1193 5474 uren
1214 5417 1258 5472 ss.
1309 5404 1515 5464 uuerdan.
1574 5398 1734 5500 '‘¹⁸³'·⁶3i

118 5506 226 5560 reor.
251 5504 311 5558 ιιιι.
353 5501 516 5556 *arcada
554 5495 734 5552 armam.
784 5496 949 5552 *vacate
994 5492 1120 5548 ⁷atnam.
1145 5490 1173 5544 a.
1228 5486 1252 5519 τι
1266 5484 1296 5538 ιιι
1318 5482 1384 5552 neg.
1407 5479 1433 5534 o.
1485 5468 1660 5526 arnonas.

120 5574 216 5632 Ezccla.
232 5574 277 5630 55.
312 5573 336 5605 '⁸
359 5572 423 5630 Ose.
442 5574 467 5623 li.
