3756 5994
153 259 223 316 tiis
767 255 964 313 effluustlnt
981 255 1015 311 lb
1034 254 1133 310 PAPAE
1715 249 1792 306 itte

153 385 289 436 sartetunr,
313 372 499 428 ordinationes
526 374 731 439 ntonaebornrn,
753 389 800 430 sen
822 372 975 430 clerico-A
1023 370 1119 423 batum
1146 366 1284 432 Laterani,
1299 381 1348 438 per
1366 380 1477 421 mannan
1491 364 1577 421 Gentli
1593 364 1624 420 S.
1642 363 1745 420 Larciae
1761 367 1789 420 in

153 480 212 520 rnrn
227 473 389 526 resteortnn,
404 466 626 521 consecrationes
637 465 764 519 alterium
782 479 828 520 sen
843 462 936 519 basili·
985 458 1090 514 orchea
1104 459 1209 514 diaconi
1232 457 1374 526 cardinal,
1397 455 1499 511 donnini
1522 469 1598 527 pape
1611 457 1785 520 camerarii,

153 566 244 605 carnin
269 551 471 618 praedictarum,
497 568 512 607 a
535 569 697 624 quocunqne
722 553 876 608 malueritis
889 569 935 609 ca·
986 564 1023 603 sn
1039 549 1152 613 Kalend,
1170 547 1246 612 tulii,
1265 546 1416 603 indictione
1431 561 1488 612 xtr,
1504 545 1711 600 incarnationis
1725 546 1786 601 iio·

152 642 253 695 tlutlico
276 644 414 705 recipiatis
434 647 570 713 episcopo,
594 647 639 716 qui
662 655 754 700 nostra
779 646 862 701 fultus
884 662 933 701 au·
979 640 1092 697 'nrirricae
1112 654 1176 693 ann.
1197 635 1278 704 libb,
1294 636 1470 708 pontificatus
1486 650 1550 692 rere
1565 635 1674 691 donnini
1689 634 1784 692 Gcele-

151 731 285 796 ctoritate,
319 736 388 803 qttod
405 736 567 803 postulatur,
583 739 736 806 ,tntpendat
754 739 795 791 nd
815 738 872 792 haec
891 737 936 791 ada
983 732 1048 787 siini
1062 745 1137 800 papae
1153 729 1186 783 iti
1200 743 1273 784 aune
1284 737 1374 784 sexio-

149 819 273 884 jieieutes
294 825 449 889 statuimus,
466 835 495 879 ut
509 829 541 879 ad
556 827 656 881 nullius
676 826 835 893 concilient,
849 827 933 882 abbas
1019 823 1075 892 Ego
1088 822 1262 886 Goelestiuus,
1279 820 1422 876 catholicae
1437 816 1565 873 Ecclesiae
1576 816 1743 886 episcopus.

151 910 236 971 insius
264 912 313 965 taei
338 918 470 969 accedere
495 918 687 985 corripellatnr,
710 919 760 972 nisi
777 935 791 972 a
808 919 932 975 liotttano
1019 912 1208 983 ΕΒθΑΙΜΩῑΙΙ.
1224 908 1539 978 ΑΙΜΙΙΘΜᾹΡῙΜΟΡΜ·

151 1002 277 1068 pontiiiee
304 1005 344 1057 tet
369 1006 402 1058 ab
423 1004 481 1073 ejus
506 1007 594 1077 tegno
616 1008 700 1063 interit
721 1019 860 1065 evocatas.
879 1008 934 1065 Nec
1018 1001 1391 1072 Eeooctavtnnu,0snens.
1404 997 1599 1053 eti’ellitrcns.
1613 996 1777 1068 episeopus.

151 1101 239 1144 restra
254 1092 387 1155 Ecclesia,
406 1094 446 1148 vel
461 1096 557 1159 abbas,
577 1098 620 1150 tel
637 1099 762 1152 rnonaclti
777 1107 824 1152 aut
841 1098 932 1153 clerici
1018 1090 1074 1161 Ego
1089 1092 1183 1146 Petrus
1199 1090 1356 1155 Fornerius,
1370 1091 1400 1145 S.
1416 1088 1518 1143 Rubriae
1530 1088 1689 1158 episcopus.

150 1183 231 1235 nestri
249 1185 399 1237 servientes
415 1186 440 1238 iu
455 1189 578 1243 eeclesiis
594 1204 607 1241 a
622 1189 811 1258 jurisdictione
826 1190 932 1257 episco·
1018 1180 1074 1249 Εὸθ
1085 1178 1202 1234 3031111θῦ
1216 1178 1288 1233 titul.
1305 1178 1335 1232 S·
1350 1178 1497 1234 cientibus
1508 1176 1585 1232 md·
1600 1175 1774 1231 Vliel'ffieiss·

149 1288 244 1341 pttttttn
261 1290 372 1341 prorsus
387 1278 532 1346 excerptis,
546 1288 644 1345 praeter
657 1277 808 1331 liontanutn
822 1277 932 1346 pontill-
982 1278 1009 1326 cl
1024 1270 1177 1325 Tuscanell.
1197 1270 1350 1341 episcopus.

149 1381 206 1418 cenr
218 1366 259 1420 vel
272 1366 330 1434 ejus
342 1367 468 1437 legatum,
482 1384 496 1423 a
509 1369 607 1424 diuinis
618 1369 815 1424 interdicantur
824 1369 931 1437 odieiis,
1019 1363 1074 1433 Ego
1094 1362 1193 1429 Guldo,
1209 1363 1351 1433 brabii&
1363 1362 1439 1415 Galil·
1463 1358 1493 1417 S·
1515 1357 1619 1424 Μθῐῑῖθι
1636 1368 1664 1412 θῑ
1676 1355 1711 1414 s·
1722 1355 1774 1412 0⁸·

147 1459 189 1508 rei
209 1459 486 1513 earorrnnuuicatioui
509 1459 671 1516 subdantur.
690 1459 756 1513 Gnrn
777 1468 867 1515 autent
883 1475 928 1529 ge·
982 1453 1054 1507 litii·

147 1547 241 1600 trerale
256 1547 430 1602 interdictum
446 1558 526 1603 terrac
546 1549 638 1613 interit,
653 1549 733 1603 liceat
744 1551 820 1604 robis
833 1550 932 1605 clausis
1013 1544 1069 1613 Euo
1093 1526 1232 1610 loannes..
1248 1542 1317 1599 litul-
1344 1543 1374 1599 S·
1389 1542 1519 1614 Stephani
1531 1543 1557 1597 tn
1574 1540 1661 1599 Coelio
1675 1552 1773 1597 monle

145 1636 248 1704 jaaritis,
266 1641 384 1694 exclusis
402 1641 644 1695 excorrnnnnicatis
657 1647 686 1694 et
701 1640 861 1706 interdictis,
876 1655 928 1694 non
981 1637 1134 1705 presbyter.
1152 1635 1229 1688 cerd-

147 1728 261 1794 ptrlsatis
282 1729 430 1796 eatnpanis,
454 1743 598 1798 suppressa
627 1743 702 1791 noce,
730 1728 820 1782 divina
842 1697 967 1784 oll‘rciaB
1019 1725 1073 1793 Ego
1089 1721 1211 1788 Gentius.
1230 1720 1298 1777 illul·
1313 1719 1343 1776 S·
1367 1721 1506 1776 Laurentii
1528 1720 1556 1776 in
1584 1720 1689 1777 bucini
1711 1737 1773 1791 pte·

147 1820 297 1873 calcitrare.
311 1819 481 1888 Sepulturanr
499 1829 630 1888 praeterea
647 1819 732 1888 ipsius
748 1817 799 1871 ioci
814 1817 929 1873 liberant
981 1812 1075 1883 slyter
1088 1813 1162 1867 card.

146 1925 208 1963 esse
228 1911 413 1975 deceruimus,
438 1919 466 1963 et
491 1925 585 1963 cerunt
609 1909 745 1963 deuotioni
761 1918 930 1964 etertrernae
1018 1901 1231 1972 Edol0ffr⁰d082
1246 1902 1315 1959 lilul·
1336 1899 1366 1956 S·
1382 1902 1512 1957 Pldletlis
1526 1900 1669 1978 vibebit&
1690 1906 1770 1960 certi.

146 2000 356 2068 rnlnrrtati,qui
376 2015 406 2054 se
427 1999 481 2053 illic
504 1998 610 2066 sepeliri
636 1998 859 2064 deliberaverint,
877 2000 928 2054 nisi
1017 1995 1073 2065 Ego
1099 1994 1268 2061 l'edericus,
1293 1993 1364 2048 titul.
1389 1993 1419 2048 S.
1452 1992 1595 2060 bercelli,
1623 1995 1774 2066 presbyter

146 2090 378 2143 eaeorrtrnuuicati
401 2089 443 2141 nel
462 2088 598 2142 interdicti
615 2088 680 2152 sint,
697 2086 787 2142 nullus
802 2088 928 2156 obsistat,

146 2183 220 2236 satra
242 2193 329 2234 tanteu
346 2180 451 2248 justitia
472 2180 579 2233 illarunt
595 2179 814 2243 ecetesiarutn‚a
831 2180 929 2247 quibus

144 2283 313 2326 ntottnorutn
336 2286 451 2339 corpora
474 2281 660 2327 assnuntntur.
678 2270 706 2323 ln
726 2269 929 2339 parochialibus

146 2378 210 2417 tero
221 2363 357 2426 ecclesiis,
372 2363 569 2428 (laustanicas,
584 2361 664 2414 liceat
681 2362 757 2414 vobis
773 2362 928 2416 sacerdotes

143 2457 254 2523 eligere,
269 2463 295 2506 et
310 2454 464 2508 tlioeeesano
476 2454 600 2522 episcopo
616 2461 800 2522 prasentare:
815 2453 924 2521 quibus,

143 2549 165 2603 si
183 2547 272 2602 irionei
287 2544 399 2609 luerint,
416 2547 560 2615 episcopus
580 2559 674 2599 cnratn
687 2546 838 2599 attitnartuu
853 2560 929 2600 coru-

142 2641 242 2701 rnittat,
261 2640 325 2692 otei
341 2639 373 2691 de
393 2637 592 2704 spiritualibus,
610 2634 687 2691 vobis
703 2636 928 2705 teredetetnpo·

142 2729 247 2785 raiiints
263 2731 379 2784 tlelteant
396 2731 569 2797 respondete.

178 2822 312 2889 Quidquid
324 2831 455 2887 qtretcrea
471 2820 623 2885 dignitatis,
644 2820 780 2874 libertatis
791 2821 833 2873 vel
849 2822 929 2876 bcnc-

141 2912 196 2965 bcii
215 2911 249 2964 ab
269 2908 417 2976 apostolica
434 2908 508 2971 sede,
531 2909 719 2962 fiscannense
732 2912 927 2964 ntouasteriutn

980 2085 1055 2141 certi.

1016 2183 1072 2251 ligo
1084 2179 1242 2247 Gratianus,
1256 2177 1308 2237 SS.
1319 2180 1425 2238 crana
1439 2190 1467 2238 et
1484 2181 1618 2247 bantiani,
1634 2181 1774 2238 diaconus

980 2274 1114 2331 cardinal.

1016 2366 1073 2433 Ego
1087 2364 1237 2427 Gerardns,
1254 2362 1283 2419 S.
1298 2363 1422 2429 Adriani,
1436 2363 1566 2418 diaconus
1579 2364 1655 2417 card.

1014 2455 1071 2525 Ego
1094 2455 1254 2525 Gregorius,
1268 2453 1310 2521 ,8.
1335 2455 1428 2509 blarie
1450 2455 1479 2508 iu
1501 2452 1613 2509 Portica
1634 2453 1775 2513 diaconus

979 2547 1056 2601 card.

1016 2637 1071 2707 Ego
1095 2635 1243 2708 Gregorius
1268 2636 1296 2692 S.
1320 2634 1413 2691 liuciae
1438 2636 1466 2691 in
1487 2637 1605 2707 Aquiro,
1634 2637 1773 2696 diaconus

997 2734 1055 2787 ard.

980 2748 995 2789 ⁰
1016 2823 1072 2892 Ego
1085 2821 1225 2891 Nicolane,
1242 2821 1272 2878 S.
1292 2820 1385 2878 diaria
1405 2823 1432 2876 iu
1452 2819 1610 2888 Cosrnedin,
1632 2821 1773 2879 diaeonus

980 2915 1055 2968 card.

141 3001 266 3055 obtinere
285 2996 467 3064 cognoscitur,
485 3008 534 3048 nos
546 3009 654 3063 equoque
666 2994 745 3048 vobis
758 3005 785 3049 et
799 2997 957 3072 ecclesiane
1010 3003 1163 3072 1330130p0,
1179 3003 1209 3058 s,
1225 3002 1373 3066 Theodora,
1392 3004 1522 3057 diaconus
1537 3003 1614 3057 carp,

139 3099 239 3144 vestre
251 3088 345 3141 itidctn
362 3087 538 3141 concedimus
551 3095 578 3140 et
591 3086 741 3142 bttnautus.
754 3085 809 3140 Nec
819 3084 926 3154 episco-

139 3181 182 3249 pis
200 3182 241 3234 rel
264 3179 451 3250 cpiscoporum
479 3177 621 3241 ruinistris,
644 3191 695 3234 uec
718 3177 843 3249 personis
864 3178 925 3247 qui·

139 3275 271 3341 buslibet,
300 3273 381 3329 liccat
400 3272 558 3327 exactiones
582 3271 689 3340 aliquas
715 3281 762 3325 aut
787 3271 925 3326 ntolestias

140 3366 321 3423 Fiscannensi
336 3364 470 3430 caenobio,
490 3363 532 3417 vel
548 3362 673 3418 ecelesiis
689 3362 863 3434 supradietis,
884 3361 926 3418 tel

140 3459 249 3513 creticis
268 3458 370 3511 eisdem
390 3455 608 3511 deservientibus
624 3456 763 3526 irrogarc;
784 3456 832 3509 sed
847 3453 924 3508 liberi

140 3559 169 3604 et
193 3549 276 3618 quieti
302 3548 471 3617 persistant,
501 3559 636 3614 qnatenus
662 3547 844 3616 omnipotenti
870 3547 924 3601 beo

140 3637 254 3693 liberius
268 3638 375 3691 rateant
390 3647 450 3690 vota
463 3637 627 3704 persolvere.

177 3729 353 3783 Deccrttitnus
366 3742 431 3795 ergo
445 3739 473 3780 ut
487 3728 551 3779 nulli
565 3729 677 3781 otntrino
692 3728 830 3782 hominnm
844 3730 925 3784 liccat

140 3819 281 3889 praedantur
311 3800 508 3871 monasterinm
539 3825 641 3872 tenterc
666 3819 851 3888 perturbare,
876 3829 924 3875 atat

139 3908 198 3974 ejus
209 3909 393 3977 possessiones
404 3905 523 3973 atrlerre,
540 3907 581 3960 tel
601 3908 706 3964 ablatas
720 3910 852 3980 retinere,
872 3913 923 3967 nti-

139 4016 236 4063 nnere,
257 4015 304 4054 seu
321 3998 486 4068 quibuslibet
508 4000 697 4057 uexationibus
711 4001 845 4070 latigare;
876 4006 923 4060 scd

139 4092 232 4146 ontnia
255 4093 359 4160 integra
384 4098 578 4144 consertcntnr
600 4104 705 4159 eorum,
734 4108 783 4161 pro
806 4109 921 4162 qnornrn

139 4181 336 4252 gubernatione
350 4197 381 4234 ac
393 4181 590 4236 sustentatione
600 4197 729 4238 concessa
744 4195 817 4249 surrt,
830 4185 923 4239 usibus

140 4274 304 4331 ernttintodis
326 4274 477 4342 profutura,
504 4276 577 4329 salsa
598 4275 673 4329 sedis
694 4277 852 4345 apostolica*
878 4293 923 4330 art-

1299 3109 1446 3164 cccxxtt.

975 3201 1132 3261 flonnrterii
1144 3199 1250 3256 Sancite
1269 3197 1364 3252 Mariae
1392 3196 1603 3263 Varrdnqirienar’r
1615 3207 1776 3263 possessio·

1063 3271 1067 3279 ’
1171 3284 1216 3324 nee
1231 3277 1255 3320 et
1269 3268 1403 3336 priuilegia
1418 3267 1567 3332 rorrdtannt.

1223 3357 1374 3430 (Laterani,
1388 3356 1452 3412 Juu.
1463 3355 1521 3426 Ν.)

1040 3457 1237 3530 intrauerunt,
1252 3451 1321 3504 Anu.
1334 3446 1422 3515 Cum„
1436 3447 1480 3513 ll,
1496 3450 1577 3517 App,
1590 3464 1616 3518 p.
1632 3449 1713 3522 Μ]

1009 3553 1188 3609 Goetcsrntus
1210 3547 1375 3615 episeopus,
1411 3556 1507 3598 serens
1535 3555 1675 3596 servarunt
1706 3543 1769 3607 bei,

974 3647 1073 3701 dilecto
1084 3643 1139 3697 lilio
1150 3640 1252 3694 Attene
1266 3635 1355 3690 abbati
1370 3632 1525 3687 anonastcrii
1546 3629 1652 3685 Sancte
1668 3631 1769 3690 staria

974 3731 1206 3801 vandagitiensis,
1220 3737 1276 3781 etc.

1008 3821 1169 3892 spostottcae
1188 3819 1280 3881 sedis,
1305 3814 1349 3870 cui
1369 3823 1480 3868 atrctore
1501 3812 1615 3866 Domino
1632 3813 1766 3881 praeside-

974 3926 1044 3979 mus,
1060 3927 1109 3967 nos
1122 3911 1248 3965 hortatur
1261 3906 1409 3963 auctoritas
1429 3919 1478 3974 pro
1491 3903 1668 3959 ecclesiarurn
1685 3915 1763 3959 statu

973 4014 1110 4074 satagere,
1124 4013 1151 4057 et
1168 4017 1228 4070 qnae
1242 4001 1275 4053 ad
1298 4013 1392 4054 earnm
1408 4006 1472 4050 sunt
1492 3997 1609 4064 quietern
1629 3995 1763 4064 disposita

973 4095 1147 4166 propensiore
1165 4090 1303 4158 diligentia
1321 4086 1453 4142 stabilire.
1479 4084 1646 4154 Eapropter,
1667 4085 1763 4139 dilecti

973 4188 1000 4242 in
1020 4187 1133 4241 bontino
1154 4183 1220 4244 tttii,
1235 4180 1332 4235 restris
1348 4177 1431 4246 justis
1450 4175 1680 4247 postulationibus
1706 4177 1764 4232 cle·

973 4287 1078 4332 ruenter
1106 4275 1273 4339 annuiutus,
1293 4279 1320 4324 et
1358 4269 1516 4339 predictum
1550 4266 1763 4337 vandagitiense

140 4361 278 4413 ctoritate.
302 4360 330 4413 Si
353 4374 406 4426 qna
438 4361 521 4426 igitur
543 4363 569 4415 in
592 4361 713 4414 iutnrnnt
734 4362 920 4418 ecclesiastica
938 4368 1176 4444 „rnorrasteriuou
1194 4366 1221 4418 in
1235 4377 1289 4434 qno
1312 4361 1405 4415 divino
1424 4359 1490 4413 estis
1512 4357 1642 4426 obsequio
1655 4359 1762 4415 manci·

139 4448 313 4502 scettlarisee
340 4464 465 4517 persona,
491 4450 563 4506 hanc
593 4461 692 4504 nostrae
719 4453 922 4510 coristitutiouis

138 4540 265 4610 paginant
278 4541 378 4605 scietts,
393 4551 487 4595 cotnra
503 4558 563 4596 earn
581 4550 682 4598 tenuere
698 4546 790 4598 tenire
803 4555 924 4602 tertiare-

139 4633 186 4696 rit,
200 4634 318 4685 sectando
333 4631 447 4686 tertioue
462 4635 636 4700 cottrntonita,
651 4635 703 4690 nisi
720 4645 824 4691 reatunr
842 4653 921 4694 suunt

138 4727 219 4795 digua
231 4724 418 4781 satisfactione
431 4727 591 4792 correxerit,
606 4729 746 4798 potestatis
759 4729 923 4798 honorisque

138 4821 180 4876 sui
213 4831 307 4877 careat
329 4821 480 4889 dignitate,
503 4835 632 4890 reanrque
655 4837 685 4877 se
707 4824 798 4878 divino
819 4823 922 4891 judicie

137 4913 257 4966 existere
282 4912 314 4966 tle
329 4920 490 4980 perpetrata
516 4911 658 4980 iniquitate
680 4924 835 4982 cognoseat,
859 4923 920 4969 eta

137 5003 324 5056 saeratissimo
349 5015 465 5070 corpore
489 5009 518 5054 et
539 5001 673 5069 sauguine
695 5003 740 5056 liei
763 5015 790 5057 ot
814 5005 919 5060 botniui

137 5090 328 5157 liedemptotis
353 5090 438 5144 trrtstri
457 5088 520 5143 lesu
537 5089 637 5144 Gltristi
653 5091 740 5146 atiena
759 5094 818 5158 bat,
839 5105 920 5165 atque

136 5181 164 5235 ln
191 5191 313 5233 extrerno
338 5182 465 5235 etatrrine
486 5181 617 5235 districtae
643 5184 780 5253 srtbjaceat
812 5187 918 5242 ultioni.

135 5268 248 5325 Cernetis
264 5280 353 5322 :tertern
369 5271 455 5325 sideru
473 5271 532 5326 loeo
545 5288 594 5327 sna
605 5273 667 5340 jura
683 5278 864 5342 screantibus,
885 5278 920 5331 sit

135 5374 187 5428 pax
209 5358 313 5412 Dotnini
339 5361 425 5415 nostri
451 5360 513 5414 lesu
535 5363 648 5434 Christi,
675 5374 809 5435 quatenus
829 5368 921 5425 ethic

136 5446 254 5503 lrnctuut
279 5451 357 5506 bonae
388 5453 505 5508 actionis
528 5456 696 5526 percipiant,
725 5467 754 5512 et
782 5459 851 5527 apud
877 5459 919 5512 di·

124 5538 384 5612 stricturnjudieetn
406 5545 520 5617 prorutis
537 5554 647 5604 aterne
670 5545 744 5615 pacis
770 5546 918 5601 investiant.

105 5629 209 5685 Areten.

974 4459 1050 4528 pati,
1074 4457 1145 4528 quod
1171 4456 1209 4509 nti
1242 4453 1393 4508 recolende
1426 4450 1565 4504 mernoriae
1587 4449 1621 4504 alr
1646 4447 1763 4512 lingone

974 4552 1107 4618 qnondam
1123 4548 1280 4602 marritione
1305 4553 1412 4599 constat
1424 4557 1486 4598 esse
1507 4549 1706 4606 constructura,
1721 4553 1762 4595 at·

972 4655 1053 4711 quea
1071 4639 1314 4709 praedecessoribus
1335 4635 1436 4689 nostris
1462 4641 1565 4688 sancire
1588 4632 1762 4687 recordatio·

974 4730 1016 4782 nis
1042 4729 1184 4789 Silvestre,
1210 4724 1335 4789 Galisto,
1359 4721 1517 4775 innocentio
1544 4727 1573 4774 et
1601 4718 1762 4773 illesaudru

972 4819 1102 4874 lloruanis
1125 4816 1297 4882 porrtinaibas
1324 4814 1444 4868 libertati
1459 4813 1652 4876 donatnnau,
1676 4822 1762 4880 amne

971 4912 1005 4965 ad
1030 4908 1075 4976 jus
1100 4909 1170 4963 beati
1199 4907 1271 4962 Petri
1301 4916 1455 4975 sancteque
1482 4905 1612 4960 llontanae
1630 4903 1761 4960 Ecclesiae

971 4999 1081 5070 speciali
1102 4997 1280 5068 praerogativa
1311 4997 1471 5066 pertinens,
1507 4994 1664 5065 apostolieae
1684 4995 1760 5049 sedis

971 5089 1113 5160 privilegio
1136 5087 1346 5147 cortttuunbnns,
1362 5093 1518 5140 statuentes
1532 5093 1572 5150 ut,
1582 5097 1760 5153 quascunque

972 5177 1166 5248 possessiones,
1191 5188 1358 5243 quaecuuque
1383 5174 1454 5228 bona
1470 5173 1542 5228 idern
1563 5173 1759 5229 monasterinm

971 5269 1214 5337 itnpraescntiarnrn
1232 5266 1320 5334 inste,
1333 5275 1399 5331 ete..
1419 5265 1497 5320 llrnra
1513 5265 1589 5320 uobis
1603 5265 1760 5331 vestrisque

969 5362 1173 5418 successoribus
1199 5369 1227 5416 et
1255 5360 1357 5414 illibata
1388 5369 1575 5427 persuadeant.
1600 5358 1628 5412 ln
1657 5359 1759 5428 quibus

971 5456 1029 5510 haec
1048 5454 1164 5523 propriis
1177 5453 1302 5507 duxituns
1319 5451 1494 5520 expritncuda
1515 5449 1673 5504 vocabulis:

1004 5543 1101 5600 llillatu
1128 5544 1242 5597 abbatiae
1266 5544 1292 5597 iu
1318 5559 1370 5611 qua
1400 5542 1658 5605 otonasteriurnest,
1684 5555 1751 5595 caut

973 5634 1054 5707 plebe
1071 5634 1168 5690 baneti
1183 5631 1309 5700 inattuis3
1344 5633 1528 5704 vangaditiae
1548 5648 1610 5693 suut
1636 5632 1753 5689 aecimis
