3756 5994
69 223 138 283 il85

536 186 1229 263 mmmmmmmm-mmu

1613 193 1696 251 etto
1712 250 1713 253 ,

102 315 170 372 Cum
195 310 320 366 homiues
334 309 421 361 simus
436 315 462 359 et
475 302 654 358 immanitatis
673 300 731 367 lege
746 297 859 360 detenti,
873 314 896 367 Α
911 298 944 351 atl
960 293 1126 362 audientiam
1150 288 1303 346 charissimi
1321 289 1347 343 iu
1372 287 1480 344 Christo
1506 287 1554 342 dlii
1582 285 1695 340 illustris

68 424 122 464 riou
136 408 214 461 debet
230 402 309 457 uobis
328 401 412 453 rideri
430 396 556 451 miralnle
573 396 595 450 si
613 409 694 464 qtrom
710 393 857 461 aliquando

69 497 222 568 scrupulum
237 494 376 562 contingat
398 490 424 543 iu
448 489 549 542 uostris
566 487 686 547 actllnts,
706 484 856 538 secundum

72 596 96 645 nl
108 590 179 658 qmnl
205 588 354 641 lutnmuum
384 589 440 646 cst,
466 594 606 648 apparere.
621 579 688 632 Cttm
704 577 775 630 enim
790 577 857 631 olim

72 678 184 733 dilectus
200 675 270 729 lullus
286 672 438 732 blartiuns,
463 671 607 740 presbyter
626 667 748 722 calensis
765 666 858 721 Eccle-

71 770 128 834 siae,
154 766 265 820 ranutius
292 765 324 818 ad
341 762 513 832 praesentiam
533 770 653 813 nostram
677 757 857 822 accessisset,

69 868 97 912 et
112 855 247 925 quo'ddam
262 855 350 915 stultis,
365 866 398 905 er
412 860 489 920 parte
505 850 626 919 ejusdem
643 848 770 903 Ecclesia
784 847 859 901 eslii·

72 945 175 1000 buisset
197 941 385 997 atttltenticutn
399 940 579 1009 quorumdam
600 937 766 1005 prudentum
782 936 858 991 niro·

72 1052 130 1088 ιιιιιι
147 1035 244 1105 sigillis
259 1045 286 1087 ct
305 1031 462 1088 testimonio
479 1029 680 1098 consignatum,
694 1045 747 1098 quo
760 1030 859 1083 Calcu-

71 1128 110 1181 sis
125 1126 246 1180 Ecclesia
262 1121 476 1194 ajurisdietiouc
497 1119 659 1175 Parisieusis
684 1121 812 1175 Ecclesiae
827 1135 857 1174 sc

71 1216 212 1272 asserebat
236 1228 410 1286 exemptam,
426 1232 476 1272 tros
491 1217 578 1270 eidem
595 1215 699 1282 scripto
725 1212 858 1266 omnimo·

71 1308 133 1360 clam
157 1307 236 1361 tidem
261 1309 420 1362 adhibentes
446 1308 535 1363 eidem
573 1306 690 1369 nttntio,
715 1318 798 1370 super
813 1317 861 1356 cs·

72 1400 210 1464 eruptione
234 1397 289 1464 jam
312 1398 406 1462 dicta,
435 1398 593 1453 ntunttionis
624 1407 724 1450 nostrae
750 1397 855 1450 litteras

72 1485 198 1540 duximus
224 1487 422 1541 concedendas.
445 1487 615 1542 Procedente
639 1499 704 1538 vcro
723 1494 858 1554 ternpore,

73 1590 133 1629 uum
159 1578 270 1632 nutrtius
292 1589 459 1634 memoratus
475 1592 557 1647 super
572 1577 667 1632 eodem
685 1579 795 1644 negotio
815 1591 861 1630 co-

910 388 984 456 rcgis
1005 386 1175 441 Francorum
1191 384 1225 437 ab
1241 382 1379 436 abbatissa
1403 380 1567 449 appellatum
1588 380 1695 440 luisset,

908 479 979 533 idem
999 475 1174 547 appellationi
1189 475 1301 530 mirdane
1323 474 1487 536 deferentes,
1503 486 1537 526 eo
1549 473 1620 541 quod
1632 471 1694 541 juta

911 583 963 621 nou
979 569 1071 621 sinunt
1096 567 1130 621 ab
1155 566 1268 620 arbitris
1292 563 1438 635 appellare,
1454 563 1696 631 pronnnttarermn

910 656 996 723 ipsam
1020 655 1162 731 calensem
1182 653 1333 707 Ecclesiam
1353 652 1425 706 nulla
1446 652 1481 706 ab
1497 650 1558 705 aliis
1580 646 1696 704 abbatiis

909 745 1044 800 libertatis
1054 747 1232 814 praerogativa
1247 744 1368 810 differre,
1381 759 1453 813 quus,
1462 743 1626 797 auctoritate
1639 740 1697 811 pri-

908 836 1069 905 vilegiorum
1095 837 1251 907 apostolicae
1280 837 1362 902 sedis,
1393 835 1542 889 Parislensi
1568 834 1696 889 Ecclesia

909 936 978 991 suast,
990 924 1129 991 subiectae.
1145 925 1214 992 Quia
1229 941 1292 980 vero
1304 926 1442 980 abbatissa
1458 940 1529 993 saepe
1544 923 1616 980 dicta
1632 923 1696 978 reli·

909 1018 1016 1086 glatiem
1030 1017 1180 1087 juramenti
1203 1029 1380 1072 contemnere
1403 1031 1457 1070 uun
1482 1015 1639 1078 formidans,
1658 1017 1697 1069 ei·

910 1110 971 1163 clem
984 1110 1127 1164 sententiae
1143 1122 1241 1178 parere
1254 1107 1415 1172 contemnit,
1430 1107 1586 1162 discretioni
1599 1116 1697 1160 nestrae

910 1216 958 1271 per
972 1201 1119 1272 apostolica
1133 1202 1235 1270 scripta
1249 1205 1409 1255 mandamus
1423 1209 1568 1268 quatenus,
1583 1198 1606 1253 si
1626 1214 1697 1279 prae·

911 1296 1002 1349 missis
1017 1295 1121 1348 veritas
1135 1293 1312 1361 sttliragatnr,
1326 1293 1424 1347 litteris
1444 1291 1627 1362 exemptionis
1640 1291 1697 1345 sire

910 1387 1088 1440 exsecutoriis
1109 1384 1153 1439 rel
1175 1383 1381 1452 indulgentiisa
1402 1384 1538 1453 praeieris
1561 1381 1697 1437 abbatissa

910 1487 939 1533 et
952 1486 1088 1530 conventu
1104 1491 1118 1528 a
1142 1476 1221 1530 uobis
1243 1476 1376 1540 obtentis,
1389 1475 1570 1545 appellatione
1589 1488 1698 1542 quoqne

911 1565 944 1618 ad
960 1573 1140 1619 tutenturatuut
1165 1578 1255 1633 regem
1281 1566 1442 1632 interposita
1463 1580 1634 1632 nequaquam
1649 1565 1698 1619 oi›‹

73 1677 185 1722 naretur
201 1684 215 1721 a
235 1669 312 1724 nobis
336 1669 505 1739 privilegium
539 1670 707 1738 impetrare,
737 1666 860 1721 Ecclesia
875 1658 896 1715 it
911 1655 1057 1722 stantibus,
1070 1654 1177 1709 sublato
1202 1653 1347 1722 cujttslibet
1369 1655 1594 1709 contradictionis
1607 1664 1635 1710 et
1650 1668 1698 1722 ap·

57 1800 59 1804 .
73 1759 268 1815 Parisiensisid
280 1762 305 1815 iu
315 1776 392 1815 suum
406 1760 590 1830 praejudicinm
603 1768 760 1813 attentatum
776 1772 860 1826 aquo-

73 1866 173 1914 scens‚
194 1852 321 1907 dilectum
349 1852 432 1905 silium
466 1852 626 1921 stragistrum
655 1849 789 1904 'lbornaur
823 1846 856 1900 ad

73 1939 204 2006 aqctrdutn
224 1954 272 2007 pro
287 1954 318 1993 se
333 1940 366 1993 ad
389 1941 481 1993 sedem
499 1938 678 2008 apostolicam
699 1938 857 1992 destinarit.

73 2019 181 2080 Nuntiis'
194 2027 277 2094 igitur
292 2029 434 2096 utriusque
447 2028 575 2084 Ecclesiae
592 2030 724 2082 innostra
741 2042 861 2095 prasen-

73 2116 112 2170 tia
127 2117 295 2182 coustitutis,
311 2118 426 2172 dilectos
443 2119 513 2174 itlius
525 2120 554 2175 u.
568 2121 636 2175 tituli
651 2121 759 2174 Sanctae
770 2119 862 2174 blaciae

75 2206 277 2262 Tratrstiberim
300 2211 499 2280 presbyterum,
514 2221 541 2266 et
558 2211 591 2265 G.
609 2213 716 2266 Sanctae
733 2210 822 2265 llariae
835 2211 861 2264 in

73 2296 184 2353 Porticu
203 2301 367 2366 diaconum,
385 2302 541 2356 cardinales
556 2303 744 2358 eotrcessirnns
757 2303 864 2357 andito·

75 2403 129 2443 res.
153 2390 182 2444 ln
198 2405 313 2458 quorum
327 2393 485 2461 praesentia,
506 2408 566 2447 curn
580 2393 652 2447 inter
671 2393 747 2460 ipsos
767 2392 863 2446 luisset

75 2477 231 2545 aliquatnliu
254 2482 445 2550 disceptatum,
467 2494 633 2537 tncrnoratns
648 2484 776 2552 trtagistcr
791 2482 863 2536 'lbo-

75 2582 134 2621 mas
157 2582 206 2637 per
233 2569 329 2625 lelleis
348 2575 544 2627 recordatiouis
559 2575 720 2639 ltnroeentii,
738 2574 861 2642 Eugenii,
900 2622 903 2628 Δ

74 2657 220 2713 alexandri
244 2671 272 2713 et
296 2662 410 2715 aliorum
425 2661 737 2731 pluriumllontanornm
751 2662 862 2732 pontill-

75 2763 136 2802 cutn
152 2750 303 2821 privilegia,
319 2767 369 2821 per
384 2755 601 2807 benedictionem
618 2755 727 2822 iusuper
741 2752 862 2807 abbatis·

76 2855 113 2894 saa
129 2851 157 2894 et
168 2843 302 2910 virgiuum
313 2845 558 2899 consecrationesa
574 2844 720 2898 parisiensi
736 2843 863 2912 episcopo

76 2929 186 2994 lactas.
213 2933 356 2990 tialerrsem
386 2935 534 2990 Ecclesiam
563 2935 709 2990 Parisicnsi
737 2935 864 2990 Ecclesia

912 1745 1066 1813 pellatiunis
1085 1744 1239 1810 obstaculo,
1255 1750 1459 1815 percensuram
1483 1745 1697 1801 eeclesiasticam

912 1844 1088 1891 nientoratarn
1115 1835 1256 1891 Calcttsem
1285 1837 1434 1892 Ecclesiam
1458 1835 1616 1898 Parisirnsi,
1639 1844 1698 1889 tau-

912 1941 992 1993 quam
1015 1927 1124 1980 matrici
1140 1926 1280 1991 Ecclesiae,
1295 1925 1403 1980 [aciatis
1417 1940 1478 1979 esse
1490 1925 1651 1994 subjectam.
1667 1923 1697 1978 st

911 2030 977 2071 uero
996 2015 1076 2070 aliter
1098 2032 1143 2072 res
1166 2030 1195 2070 se
1220 2017 1355 2082 babuerit,
1369 2015 1492 2087 partibus
1516 2018 1550 2068 ad
1578 2025 1696 2071 uestram

913 2095 1085 2177 praesentium
1110 2109 1280 2173 cortrocatis,
1306 2109 1425 2163 audiatis
1454 2123 1514 2177 quae
1539 2107 1602 2162 binc
1636 2107 1698 2162 inde

913 2200 1042 2255 duxerint
1055 2201 1275 2271 proponendaet
1284 2210 1394 2254 causam
1410 2201 1507 2269 ipsam,
1515 2198 1700 2268 appellatione

913 2300 1028 2357 remota,
1042 2292 1096 2346 llue
1119 2291 1252 2346 canonico
1275 2275 1438 2355 tertuinotis,
1454 2300 1482 2342 et
1501 2288 1606 2344 [arelatis
1627 2291 1699 2358 quud

912 2387 1089 2443 decreveritis
1105 2402 1153 2457 per
1164 2401 1309 2442 censuram
1319 2384 1534 2440 ecclesiasticam
1548 2385 1700 2454 apartibus

913 2478 1271 2533 inviolabiliter·observari.

948 2572 1026 2639 Quod
1041 2574 1063 2628 sl
1078 2589 1174 2628 orttrtcs
1198 2575 1241 2628 bis
1258 2572 1442 2642 exsequendis
1460 2572 1643 2640 nequiveritis
1661 2572 1700 2625 in·

913 2674 1027 2729 teresse,
1047 2666 1240 2718 duomcstrtnn
1256 2665 1431 2718 nibilominus
1448 2676 1481 2716 ea
1503 2673 1699 2732 exsequantur.

949 2757 1044 2811 Datum
1058 2755 1198 2820 Laterani,
1214 2771 1241 2809 ιιι
1255 2755 1391 2810 llalertdas
1406 2755 1573 2821 mcetrtbris,
1591 2753 1700 2822 pontili-

913 2857 989 2902 catus
1005 2848 1089 2902 nostri
1099 2862 1179 2902 auno
1195 2856 1283 2903 sexto.

1212 2955 1398 3012 cclxxxttt.

77 3022 271 3091 subjectionem
288 3025 386 3081 debere.
399 3035 559 3082 constanter
574 3043 590 3081 a
606 3026 684 3081 nobis
699 3040 864 3095 proponens.
912 3050 1020 3106 Mum-3
1031 3049 1065 3102 ,d
1078 3047 1239 3122 poppmm]
1257 3053 1409 3120 ,Momm
1438 3050 1602 3107 pennensem
1617 3067 1627 3103 ,
1641 3067 1700 3105 un,

76 3123 104 3170 at
125 3130 139 3167 a
165 3117 273 3187 triginta
290 3117 371 3172 antris
385 3118 425 3174 rel
440 3120 619 3189 quadraginta
632 3120 761 3174 cotttiuuc
773 3119 862 3172 cidem

76 3206 203 3277 episcopo
223 3220 250 3263 et
273 3211 472 3266 arcbidiacouis
495 3222 522 3267 et
539 3212 864 3280 praedecessoribusque

77 3297 105 3351 iu
123 3299 277 3355 obedientia
299 3313 327 3356 ct
340 3304 578 3371 procurationibus
594 3313 715 3368 ternpore
730 3301 865 3355 visitatio-

77 3390 121 3444 nis
146 3400 174 3445 et
203 3390 265 3445 aliis
288 3391 482 3459 temporalibus
514 3392 704 3458 respondisse,
729 3391 864 3459 quoddam

79 3480 157 3536 trabis
183 3482 275 3536 attulit
301 3481 531 3547 irrstrntncntum,
557 3482 718 3536 dilecturum
747 3481 866 3535 filiorum

79 3570 214 3644 lingonis
230 3571 262 3642 ill
281 3572 400 3644 Dionysii
424 3583 452 3629 es
475 3571 601 3644 lllolrcrti
623 3572 667 3644 tt}
683 3573 777 3628 Sancti
798 3572 867 3628 Ger·

80 3665 153 3719 mani
187 3663 347 3718 Parisiensis
377 3663 505 3718 abbatum
536 3665 634 3735 sigillis
660 3674 687 3720 et
711 3665 867 3720 trsitnonio

80 3758 256 3823 roboratum,
270 3756 348 3826 cujus
367 3764 468 3813 tenore
481 3758 628 3813 didicimus
642 3760 731 3829 quod,
745 3775 808 3814 cum
823 3775 868 3815 re·

81 3851 217 3907 uerabiles
233 3850 331 3905 tratres
347 3850 433 3904 nostri
442 3851 633 3905 Ambiancosis
644 3862 672 3906 et
685 3851 868 3908 l'ornaccnsis

81 3944 200 4016 episcopi
224 3951 252 3997 et
284 3942 366 3996 iidem
383 3940 496 3996 abbates
513 3955 600 3997 causae
625 3945 786 4011 supradictae
809 3957 869 4014 quae

82 4036 155 4091 inter
170 4035 350 4089 l‘arisleusem
362 4041 391 4088 et
406 4033 548 4089 Calerrsent
566 4033 701 4091 Ecclesiae
712 4035 869 4092 vertebatur

83 4141 117 4180 ea
146 4124 342 4195 compromisso
378 4124 536 4193 coquntores
560 4125 727 4190 existerent,
754 4123 869 4193 receptis

83 4219 225 4287 utriusque
238 4214 368 4271 Ecclesiae
382 4216 494 4281 litteris,
514 4226 541 4272 el
561 4231 642 4286 poeua
658 4217 868 4286 quingentarum

83 4308 214 4364 librarum
232 4308 267 4362 de
288 4304 483 4362 observatione
499 4306 606 4360 arbitrii
623 4305 686 4361 binc
703 4306 766 4361 inde
781 4306 869 4376 impo-

949 3124 1055 3178 tentiam
1074 3122 1244 3190 depositionis
1264 3122 1293 3174 itt
1311 3119 1420 3176 clericas
1432 3121 1464 3176 tis
1480 3123 1571 3176 Aralla
1591 3122 1699 3177 latomo

949 3193 1100 3261 confirmet.

1159 3304 1310 3373 (Laterani,
1323 3305 1390 3362 Nor.
1404 3307 1462 3376 ab.)

1057 3395 1200 3468 [Uenacus.
1215 3393 1296 3449 ltalia
1311 3412 1398 3462 sacre,
1418 3397 1438 3461 l,
1454 3396 1548 3470 ties]

951 3483 1129 3540 Ctsuesrtnus
1155 3485 1318 3554 episcopus,
1340 3499 1437 3541 servus
1466 3501 1607 3542 serrorum
1635 3488 1702 3554 liei,

916 3576 1064 3647 venerabili
1081 3575 1158 3629 tratri
1172 3574 1294 3633 Pernaco.
1312 3577 1448 3648 episcopo,
1465 3579 1580 3635 salutent
1596 3595 1624 3636 ct
1638 3597 1703 3650 apo·

917 3667 1040 3723 stolicam
1061 3667 1288 3724 benedictionem.

952 3760 1072 3831 AEqttum
1085 3769 1127 3815 est
1137 3769 1164 3816 et
1175 3767 1386 3816 cousentaneum
1406 3761 1515 3828 rationi,
1531 3771 1560 3817 ut
1574 3777 1606 3826 ea
1643 3778 1704 3833 qutc

917 3870 933 3910 a
946 3854 1078 3925 delegatis
1092 3869 1108 3907 a
1123 3855 1202 3909 uobis
1215 3854 1319 3910 ratione
1333 3853 1431 3925 pretia
1443 3862 1609 3923 statuuntur,
1625 3855 1705 3911 bama

918 3946 1036 4002 debeant
1055 3950 1082 3998 et
1105 3943 1207 3999 illibata
1234 3946 1410 4013 consistere,
1434 3956 1461 4000 et
1487 3948 1707 4003 centirmatioois

920 4045 1019 4095 nostras
1035 4036 1185 4091 munimine
1200 4035 1333 4097 roborari,
1359 4044 1388 4089 ut
1402 4036 1556 4091 nullatenus
1571 4036 1598 4090 in
1613 4045 1706 4105 poste·

920 4147 979 4186 rum
1005 4129 1217 4201 presumptione
1243 4125 1430 4196 quommlibet
1457 4126 1605 4183 violentur.
1631 4129 1705 4184 Sane

920 4238 982 4280 cum
1011 4221 1075 4276 olim
1101 4218 1193 4275 clerici
1219 4219 1253 4273 de
1279 4218 1383 4280 Aralla,
1399 4216 1529 4274 Ecclesiae
1554 4227 1618 4283 tuae,
1634 4219 1706 4275 sient

920 4314 1035 4379 asseris,
1054 4312 1211 4383 juramento
1240 4310 1382 4365 lldelitatis
1402 4309 1506 4365 astricti
1532 4311 1705 4366 interdictum

84 4398 1705 4473 mmmwmmmmwwdwmmmmmmmwmmmmummm

84 4491 187 4548 botissa
199 4492 259 4548 lldei
280 4491 421 4558 cautione,
439 4501 493 4545 tam
512 4490 568 4558 ipsa
579 4504 661 4559 quatu
674 4501 808 4543 conventu
820 4502 869 4543 suo

84 4581 334 4655 proclamantibus,
368 4582 396 4635 in
423 4583 625 4651 exemptionem
648 4591 676 4636 et
695 4580 870 4645 libertatem,

85 4675 263 4745 quorumdam
278 4672 479 4742 privilegiorum
489 4672 601 4729 obtentu
612 4673 662 4730 sibi
678 4687 693 4727 a
708 4670 871 4744 quibusdam

84 4765 872 4838 episcopisl’arisieusibusindultornm;iidemepiscopiet

86 4860 208 4926 abbates,
220 4861 321 4917 auditis
334 4860 554 4931 allegationibus,
577 4861 873 4933 autlteuticisdiligeu·

88 4962 129 5008 ter
148 4953 298 5024 inspectis,
314 4954 406 5009 audita
422 4955 505 5010 etiam
531 4953 676 5009 abbatisse
700 4954 872 5010 cattlessione

88 5046 115 5102 in
134 5043 207 5117 jure,
224 5042 349 5099 uidelicet
363 5045 436 5115 quod
458 5042 661 5099 benedictionis
684 5059 784 5099 rnuttus
795 5060 810 5098 a
822 5042 873 5098 l’a·

87 5136 200 5194 risleusi
237 5135 368 5204 episcopo
396 5135 561 5205 recepisset,
591 5133 764 5205 professione
790 5138 873 5194 etiarn

88 5242 169 5283 manu
187 5226 298 5298 propria
316 5226 419 5294 scripta
435 5235 554 5294 etsuper
570 5225 658 5282 altare
673 5227 773 5296 posita,
797 5226 875 5282 Pari·

88 5320 172 5376 siensl
191 5318 320 5375 Ecclesiae
345 5317 539 5385 subjectionem
563 5327 591 5373 et
612 5318 795 5375 obedientiam
810 5333 874 5388 pro·

89 5413 227 5480 arrisisset,
241 5413 337 5469 babitu
352 5412 386 5467 de
402 5426 469 5482 pace
484 5421 619 5480 tractatu,
640 5427 702 5468 eum
720 5429 773 5468 uon
785 5425 876 5484 posset

90 5506 185 5560 modus
199 5504 576 5576 compositionisoccurrere‚
590 5505 794 5560 communicato
810 5520 876 5575 pru·

90 5598 200 5653 dentum
223 5596 344 5653 virorum
369 5597 483 5652 consilio
498 5612 581 5668 snper
594 5599 745 5669 quaestione
762 5598 820 5669 jam
835 5598 876 5654 di-

92 5703 148 5764 cta,
159 5693 300 5753 Calensetu
312 5691 461 5755 Ecclesiam
474 5692 740 5752 conterminantur
751 5707 813 5751 cum
825 5691 876 5747 boc

921 4506 1039 4567 temper
1062 4504 1088 4549 te
1110 4508 1191 4565 quarn
1213 4506 1261 4562 per
1278 4505 1340 4546 ren.
1370 4491 1480 4546 tratrem
1501 4499 1623 4572 nostrum
1644 4491 1706 4545 Val-

920 4604 1031 4645 rensem
1060 4588 1218 4658 episcopum
1244 4585 1278 4640 dc
1300 4585 1463 4640 auctoritate
1486 4593 1578 4639 nostra
1594 4599 1705 4639 excom·

922 4680 1113 4738 municationis
1127 4676 1243 4734 ittissent
1260 4677 1394 4734 cernentia
1410 4677 1535 4735 involuti.
1551 4678 1617 4745 Quia
1637 4691 1705 4732 neu·

922 4783 994 4829 tram
1021 4771 1183 4826 sententiam
1204 4775 1394 4831 serraverunt,
1420 4769 1453 4822 dc
1475 4769 1601 4821 ntaudato
1617 4778 1706 4821 tamen

923 4875 1016 4921 nostro
1038 4865 1064 4917 iu
1088 4877 1136 4917 eos
1151 4875 1199 4931 per
1227 4869 1263 4926 te,
1294 4869 1322 4915 et
1343 4870 1523 4914 memoratum
1550 4861 1707 4931 episcopum

923 4954 1100 5027 depositionis
1119 4953 1169 5008 luit
1194 4951 1330 5007 sententia
1356 4951 1548 5022 promulgata,
1572 4950 1646 5007 sicut
1662 4963 1707 5006 tna

924 5049 1001 5104 nobis
1017 5047 1113 5102 relatio
1128 5044 1267 5118 patefecit.
1282 5044 1409 5101 i'oleutcs
1422 5044 1517 5113 igtur,
1529 5053 1559 5098 ut
1573 5045 1644 5113 quod
1659 5058 1709 5112 per

924 5156 972 5196 eos
990 5141 1091 5197 lactum
1112 5147 1164 5205 est,
1189 5141 1272 5194 robur
1299 5136 1398 5191 trituris
1423 5136 1591 5204 temporibus
1612 5136 1709 5192 debit-e

924 5232 1044 5289 obtineat
1060 5228 1207 5294 trrnutatts,
1224 5239 1253 5281 ut
1267 5227 1309 5282 isti
1325 5225 1479 5280 nullatenus
1494 5226 1527 5279 tle
1541 5239 1589 5280 sua
1602 5223 1709 5278 ualeant

925 5325 1046 5389 nequitia
1062 5321 1184 5394 gloriari,
1198 5320 1262 5388 quia
1277 5326 1372 5373 cotrtra
1387 5317 1513 5387 praelatos
1528 5330 1592 5372 suos
1605 5317 1710 5384 erigere

926 5414 1089 5471 calcaucuni
1104 5427 1156 5468 uon
1183 5418 1324 5474 ueremur,
1353 5408 1515 5462 senteutiam
1534 5405 1711 5475 depositionis

926 5525 941 5563 a
963 5518 1001 5571 tc,
1024 5516 1052 5561 ct
1078 5511 1230 5559 memorato
1243 5500 1371 5572 episcopo
1390 5500 1416 5555 in
1440 5499 1555 5555 clericos
1570 5497 1604 5552 cle
1619 5497 1710 5551 Arsita

927 5598 1019 5660 latam,
1036 5595 1108 5651 sicut
1122 5591 1322 5649 rationabiliter
1351 5590 1405 5646 lata
1430 5600 1483 5656 est,
1512 5603 1563 5644 occ
1583 5587 1712 5658 lsqitituae

928 5687 1121 5761 appellationis
1133 5683 1259 5744 remedio
1269 5679 1740 5748 subaerata,anoosamsaassw
