3756 5994
138 211 187 269 uit
284 263 291 279 ,

777 196 968 260 dutbsmt
986 196 1020 251 lll
1036 192 1135 255 PAPAE

138 329 257 386 «tinctona
280 324 381 396 aliqua,
401 323 529 377 retinere.
555 317 735 375 Prohibemus
759 319 870 387 insuper
894 331 928 371 ne
942 321 965 377 Α
979 311 1039 365 nlca
1052 307 1166 378 iustitia.
1187 306 1217 360 Si
1238 321 1291 374 qua
1306 306 1389 375 igitur
1403 304 1430 360 iu
1445 304 1565 360 laturum
1580 301 1770 360 ecclesiastica

138 419 184 475 ulii
203 419 318 471 irati-am
337 422 488 468 vastrorum
506 421 566 485 post
589 410 689 465 iactam
710 409 736 464 iu
756 409 815 465 ioco
832 419 923 463 vestra

138 507 345 579 professionem,
361 509 402 559 ias
419 505 454 557 sit
476 504 508 559 de
529 503 625 558 cedent
650 500 710 558 ioco
733 501 794 556 sine
815 500 921 555 licentia

136 597 242 653 abbatis
262 597 303 652 sui
329 594 489 661 discedcrc3
517 593 702 649 discedentem
726 608 791 647 vero
820 593 923 661 absque

136 688 272 744 corttutuni
306 688 457 741 litterarum
488 695 638 741 vestrarum
668 684 796 741 cautione
830 685 922 738 nulius

135 777 234 832 audeat
261 775 390 833 rctbtcre.
412 775 487 842 Qttod
510 775 533 829 sl
556 775 700 842 qnisquam
726 773 786 828 illos
802 773 922 827 retinere

136 868 360 936 prasnmpscrit,
376 865 458 921 liceat
473 863 549 919 vobis
573 865 600 918 lu
621 864 694 934 ipsos
718 865 866 920 ittonacbos
881 862 923 916 vel

136 973 285 1014 cotttersns
301 969 407 1013 vestros
421 954 586 1012 sententiam
602 952 757 1023 regularem
779 968 811 1009 cx
829 963 921 1008 nostra

136 1048 299 1104 anacim-itate
324 1044 457 1116 prolerre.
482 1043 550 1100 Cum
575 1051 664 1098 numm
684 1042 810 1113 generale
834 1042 922 1098 inter·

135 1139 240 1194 dit-tum
263 1149 342 1193 terrac
365 1137 468 1203 luerit,
492 1133 677 1200 liceatvubis,
698 1133 797 1188 clausis
816 1133 920 1204 januis,

135 1228 255 1283 exclusis
278 1227 522 1283 excommunicatis
544 1234 572 1280 et
596 1225 762 1290 interdictis,
788 1240 842 1279 tum
859 1225 920 1294 pul·

974 400 1144 457 saecularisve
1157 411 1272 466 persona
1286 396 1356 451 banc
1365 395 1768 465 nostraeconstitutionispapi·

975 508 1036 548 nam
1046 492 1146 556 sciens,
1159 497 1320 545 contraeunt
1334 496 1437 544 temere
1451 489 1542 544 venire
1552 487 1714 555 tentaterit,
1728 502 1771 544 se-

974 582 1769 650 cundotertiovecouunonits,nisireatutnsnutncongrus

974 677 1162 734 satisfactione
1185 677 1346 739 correxerit.
1366 673 1510 746 potestatis
1525 672 1699 742 honorisque
1726 674 1769 730 sui

979 779 1072 825 careat
1090 768 1233 838 dignitate,
1252 782 1382 838 reamque
1402 779 1432 820 se
1454 763 1671 845 diuinolndicio
1694 767 1771 821 eris·

975 869 1035 915 tere
1058 860 1092 929 de
1111 867 1265 929 perpetrata
1295 857 1439 928 iniquitate
1459 865 1620 926 cognoscat,
1636 866 1670 911 et
1695 872 1772 912 sss·

974 949 1133 1005 cratissima
1151 964 1266 1019 corporo
1281 966 1313 1003 ac.
1328 949 1459 1018 sanquine
1476 948 1522 1002 lici
1544 958 1571 1002 et
1592 949 1704 1003 btttnini
1718 948 1769 1005 ile-

972 1039 1122 1109 deutptoris
1147 1040 1232 1095 vtostri
1256 1037 1319 1095 iesu
1346 1038 1448 1094 Christi
1474 1038 1562 1092 aliena
1589 1037 1654 1102 dut,
1687 1047 1770 1109 atque

973 1132 1003 1186 in
1029 1140 1155 1186 extremo
1176 1132 1304 1186 erarniuc
1331 1131 1462 1186 districtae
1487 1129 1583 1186 ultioni
1611 1129 1765 1199 subjaceat.

1007 1223 1117 1277 Cunctis
1136 1231 1226 1277 autem
1243 1223 1330 1276 eidem
1347 1221 1407 1276 ioco
1422 1235 1471 1276 sna
1496 1221 1558 1290 juta
1583 1221 1766 1275 servantibus

136 1319 204 1371 satis
220 1319 374 1386 campanis,
395 1329 541 1387 suppressa
557 1329 625 1370 socc
639 1315 731 1369 divina
750 1313 837 1370 olllcia
852 1313 922 1371 cele·
972 1316 1007 1372 sit
1022 1330 1074 1385 pax
1091 1314 1195 1368 botnini
1211 1314 1295 1367 nostri
1316 1311 1381 1369 iesu
1395 1311 1509 1374 Christi,
1526 1318 1667 1379 quatenus
1680 1318 1709 1364 et
1722 1310 1767 1364 bie

136 1411 225 1464 lirare.
240 1406 363 1464 Chrisnta
376 1422 452 1472 vero,
468 1405 557 1463 oleum
571 1419 692 1469 sacrum,
704 1405 922 1462 consecrationes
973 1405 1093 1461 ituctum
1111 1406 1187 1460 bonae
1202 1404 1320 1460 actionis
1343 1402 1504 1474 percipiam,
1527 1411 1554 1456 et
1577 1402 1650 1471 apud
1673 1401 1769 1457 distri·

135 1497 261 1552 altarium
283 1512 331 1552 seu
357 1497 545 1563 basilicarum,
560 1495 746 1551 ordinationes
761 1494 922 1551 clericorum
974 1506 1048 1553 ctum
1078 1497 1198 1568 judicent
1228 1495 1338 1566 praetutia
1371 1503 1479 1550 aeternae
1505 1492 1581 1564 pacis
1610 1493 1765 1549 invertiant.

135 1587 179 1644 vel
197 1587 389 1643 vttmttchorunr
405 1586 451 1657 qui
465 1586 499 1642 ad
511 1600 605 1642 sacros
619 1586 728 1642 ordines
742 1584 846 1641 luerint
859 1599 922 1653 pro·
972 1590 1070 1654 buten,
1086 1603 1175 1642 amcrt.

135 1677 259 1733 trtovetnii
280 1694 293 1730 a
317 1678 473 1733 diocesano
497 1675 654 1746 suscipiatis
673 1676 810 1746 episcopo,
827 1674 916 1744 siqui·
937 1666 957 1720 Β
1009 1679 1104 1732 batum
1122 1679 1223 1739 bovatae,
1244 1677 1314 1746 apnd
1331 1676 1461 1731 Sanctum
1484 1674 1606 1739 Petrum,
1624 1688 1676 1743 per
1695 1688 1757 1729 tus·

133 1769 194 1824 dctn
208 1767 356 1824 catholicus
371 1767 465 1833 luet-it,
479 1778 505 1822 et
527 1768 644 1837 praciam
657 1775 738 1836 atque
753 1764 922 1822 communio·
974 1782 1038 1821 num
1054 1766 1153 1834 AEpidii
1169 1765 1198 1821 S.
1213 1765 1313 1820 iiiculai
1333 1767 1359 1820 in
1376 1765 1492 1820 carcere
1508 1762 1636 1819 'l'uiliano
1655 1761 1764 1819 diaconi

135 1875 196 1912 nem
220 1859 293 1915 sedis
315 1859 473 1929 apostolicae
491 1858 629 1926 babuerit,
642 1868 671 1913 et
691 1872 723 1913 ea
742 1857 820 1912 vobis
835 1856 921 1927 pratis
972 1857 1129 1923 cardinalis,
1143 1873 1169 1911 vt
1182 1858 1242 1911 hhts
1256 1856 1342 1924 iunii,
1357 1856 1506 1912 indictione
1518 1871 1545 1922 s,
1559 1854 1764 1911 incarnationis

133 1959 161 2002 ct
178 1949 281 2017 altsqttc
296 1951 432 2021 pravitate
452 1949 543 2018 aliqua
558 1951 675 2006 voluerit
690 1948 836 2016 exbibere3
855 1947 922 2002 alio·
973 1950 1118 2005 bontinicae
1130 1964 1203 2004 antro
1220 1949 1298 2016 ttae,
1318 1948 1493 2019 pontificatus
1508 1963 1572 2004 vero
1591 1948 1686 2005 domui
1699 1947 1762 2004 Cu·

132 2038 198 2105 quin
223 2037 305 2094 liceat
328 2040 417 2105 vobis,
434 2054 625 2110 quaemcunque
643 2039 806 2104 malueritis
823 2037 919 2094 catho-

132 2128 215 2184 licum
231 2129 305 2184 adire
321 2130 485 2196 antistitem,
501 2132 547 2202 qui
563 2131 691 2187 nintirutn
720 2141 812 2187 nostra
836 2128 920 2184 lulius

133 2221 315 2287 anctoritate,
339 2221 412 2289 quod
438 2221 592 2292 postulatur
616 2221 769 2291 indulgeat.
790 2220 918 2276 Praesenti

132 2324 242 2377 quoquc
262 2311 360 2380 pagiua
383 2311 571 2380 probibemus,
592 2320 622 2365 ut
643 2311 735 2366 nullus
750 2327 765 2364 a
782 2310 860 2366 vobis
875 2310 918 2365 vel

132 2402 299 2458 ttionastcn'o
324 2414 433 2471 testeo,
457 2415 558 2476 praeter
579 2405 717 2474 antiquam
741 2404 918 2459 consuetudi·

130 2504 195 2546 nem
213 2491 347 2551 hactenus
366 2494 554 2562 observatam,
570 2496 719 2568 quidquam
738 2497 849 2563 exigere
869 2508 919 2548 an-

129 2584 210 2650 dem,
246 2587 292 2642 vel
321 2587 404 2643 etism
432 2598 614 2659 extorquere,
651 2587 703 2642 nisi
731 2585 802 2657 quud
828 2593 917 2640 vestra

130 2680 281 2738 liberalitas
308 2677 403 2754 sponte
435 2684 543 2739 duxerit
573 2682 685 2739 cuilibet
709 2681 914 2739 conferendum.

129 2771 287 2830 inhibemus
306 2775 408 2841 etiam,
429 2789 464 2831 ue
481 2784 525 2840 tu,
556 2776 593 2830 iili
620 2774 715 2840 abbas,
745 2774 787 2830 vel
808 2787 913 2830 succes

128 2877 205 2916 sores
229 2865 266 2918 tui
289 2865 359 2932 bona
380 2867 466 2937 ipsius
489 2864 649 2920 vuonastcrii
669 2865 803 2934 aliquibus
823 2864 910 2920 inleu-

130 2948 209 3012 dare,
229 2953 357 3016 vendere,
372 2966 421 3012 seu
446 2954 568 3011 alienare
582 2953 625 3009 vul
650 2954 757 3024 pignori
780 2954 949 3045 oblipare,c

127 3039 238 3109 propria
261 3039 371 3098 levitate
385 3052 563 3113 presumant.
580 3042 730 3099 libertates
749 3057 857 3113 quoque
879 3043 913 3098 ab

127 3129 321 3187 ecclesiasticis
335 3132 547 3191 saecularibusve
565 3134 690 3203 personis
705 3135 785 3192 uobis
801 3135 843 3191 vel
861 3135 914 3205 ipsi

127 3219 297 3275 monasterio
317 3220 518 3278 rationabiliter
534 3222 666 3295 indultas,
681 3225 810 3298 antiquas
828 3225 912 3281 etiam

126 3319 154 3366 et
171 3311 347 3369 rationabiles
361 3316 583 3380 cottsuetutiiues,
600 3315 700 3373 ibidem
719 3315 851 3374 hactenus
863 3318 910 3373 ob·

972 2038 1060 2094 lestini
1077 2055 1152 2110 papae
1165 2039 1198 2095 lll
1212 2055 1284 2094 attttu
1295 2039 1428 2095 secundo.

1292 2170 1436 2228 lfflll.

970 2261 1099 2334 Siiridunr
1122 2265 1231 2319 eiectum
1253 2267 1422 2335 praepositum
1447 2263 1477 2320 S.
1498 2264 1609 2319 Martini
1633 2263 1761 2320 Womu·

1006 2335 1114 2388 rientem
1130 2336 1225 2398 sattcit,
1244 2335 1389 2400 tractique
1404 2346 1432 2388 ttt
1449 2354 1458 2386 t
1474 2335 1564 2388 etaient
1578 2335 1760 2402 praepositura

1005 2419 1138 2470 uttvtqrtunt
1158 2405 1190 2456 de
1214 2417 1308 2458 caetero
1332 2404 1520 2477 Wartvtatieusi
1540 2405 1664 2470 euiscopo
1686 2406 1760 2458 usss'·

1003 2473 1272 2540 praerequisitam
1293 2483 1316 2528 ct
1335 2473 1595 2528 adraittittrationeut
1610 2475 1693 2540 ipsius
1715 2489 1761 2527 tter

1002 2543 1135 2609 proprium
1150 2558 1250 2611 setnpcr
1262 2546 1430 2611 praepositum
1446 2552 1611 2598 cursantur.
1627 2562 1639 2593 t

1181 2633 1296 2700 (bonta,
1310 2648 1356 2703 sp.
1368 2633 1400 2689 S.
1410 2633 1545 2703 Petrum.)

1161 2722 1273 2794 lineri,
1296 2721 1423 2793 depasta,
1440 2741 1466 2795 p.
1485 2723 1560 2796 892]

1273 2856 1427 2913 lxxxvii.

966 2945 1099 3002 Uaticanis
1110 2948 1241 3017 prioribus
1254 2960 1277 3001 et
1296 2949 1425 3018 iratribus
1443 2947 1675 3007 Cottiusiensiisrs
1693 2968 1758 3006 cost-

1002 3017 1081 3082 cedit,
1099 3036 1107 3071 t
1125 3015 1249 3071 aeolicai
1264 3018 1296 3071 tie
1311 3018 1444 3080 primibus
1463 3030 1509 3071 astt
1520 3018 1650 3088 sturmius
1661 3037 1757 3074 eorum

1001 3085 1059 3140 siue
1078 3102 1204 3139 cottscntu
1221 3095 1245 3139 et
1259 3090 1393 3140 uoluntate
1410 3086 1519 3157 capitali
1533 3087 1626 3142 domus
1640 3105 1700 3144 sttoe
1714 3090 1756 3144 uel

1002 3156 1113 3279 ptujoris
1135 3167 1158 3209 et
1187 3156 1302 3209 scitioris
1323 3158 1406 3226 partis
1427 3156 1531 3211 licentia
1551 3167 1641 3224 pateat
1657 3159 1756 3227 uppal-

1015 3227 1089 3280 uttdi.
1106 3244 1115 3278 t

1219 3314 1488 3387 mmmmm

126 3383 260 3470 ser'ratas,
285 3413 360 3460 ratas
382 3403 515 3461 babemus
534 3414 562 3462 et
574 3407 736 3464 auctoritate
758 3407 909 3479 apostolica
1148 3404 1255 3479 [l'riuii.
1270 3408 1330 3461 ard.
1344 3405 1449 3472 Carth„
1463 3404 1561 3479 labb]

125 3494 331 3553 cmtdrntantus.
353 3494 449 3556 Liceat
460 3508 568 3570 quoque
584 3499 642 3565 tibi,
659 3498 697 3555 fill
714 3502 811 3568 abbas,
831 3501 911 3558 mitra
998 3500 1176 3556 Coeccsrtnus
1197 3499 1351 3569 episcopus,
1374 3513 1470 3556 seruos
1483 3514 1621 3557 sertorum
1632 3499 1696 3570 bei,
1709 3503 1755 3560 dl·

125 3593 155 3637 et
168 3584 267 3640 anttuio
282 3599 344 3641 cum
359 3587 505 3642 chirotecis
521 3597 549 3642 et
568 3588 700 3644 sandaliis
724 3590 750 3644 in
767 3591 912 3662 praecipuis
963 3590 1040 3648 lectis
1053 3591 1115 3649 liliis
1135 3591 1268 3647 universis
1284 3591 1421 3661 prioribus
1437 3600 1465 3647 ct
1484 3591 1614 3648 ltstrlbus
1629 3593 1753 3650 Cartba-

125 3672 320 3729 lestivitatibus
342 3675 397 3739 uti;
422 3674 592 3744 liberumque
609 3685 635 3732 te
652 3691 712 3735 esse
733 3679 861 3737 volumus
876 3680 911 3736 ab
962 3680 1060 3735 siensis
1075 3680 1189 3746 ordinis,
1203 3681 1317 3736 salutem
1335 3690 1364 3736 ct
1381 3682 1559 3752 apostolicam
1579 3683 1750 3741 benedictio-

126 3762 201 3817 ovnui
217 3761 320 3818 ditione
340 3773 367 3827 et
382 3773 517 3833 potestate
537 3766 686 3823 dioeeesanl
707 3767 758 3822 tul.
782 3768 910 3840 Sepuitn·
962 3784 1034 3824 nenn

127 3866 186 3905 ram
202 3864 334 3923 praeterea
349 3855 436 3924 ipsius
454 3855 506 3914 ioci
521 3856 636 3914 liberum
652 3871 713 3916 esse
726 3859 910 3930 deceruimus,
996 3861 1063 3920 Cum
1079 3863 1112 3919 sb
1122 3865 1249 3920 omnibus
1272 3866 1434 3921 unnultuuut
1461 3864 1633 3922 secularium
1661 3866 1749 3939 agita·

127 3952 157 3996 ttt
178 3957 272 3998 eorum
293 3943 429 4002 devotioni
457 3955 485 4002 et
508 3956 639 4006 extranta
653 3950 795 4019 voluntati,
817 3955 910 4025 quise
962 3954 1090 4021 tionibus,
1116 3972 1168 4010 non
1193 3958 1281 4013 toturn
1304 3956 1441 4013 mentibus
1455 3966 1484 4012 et
1498 3955 1681 4027 ptolessione.
1699 3959 1747 4014 sed

125 4032 181 4090 illic
202 4036 310 4107 sepeliri
325 4037 546 4107 deliberaverint,
566 4040 618 4097 nisi
634 4042 704 4100 lorte
720 4044 909 4102 crcout'mnni·
959 4047 1041 4101 etiam
1060 4046 1127 4102 iocis
1141 4049 1201 4102 sitis
1212 4059 1241 4104 et
1262 4050 1474 4107 habitationibus
1491 4047 1749 4120 supernumerari

124 4128 179 4183 cati
194 4130 237 4182 vel
253 4129 390 4187 interdicti
404 4133 460 4190 sim
479 4134 569 4191 nullus
582 4135 713 4202 obsistat,
726 4137 800 4193 saiva
816 4149 907 4196 tamen
961 4152 1010 4193 vos
1024 4148 1133 4207 oportet
1143 4138 1283 4209 diligentia
1297 4155 1460 4211 precavere,
1473 4154 1507 4196 tte
1517 4138 1630 4209 siicuius
1641 4147 1747 4209 tempos

86 4290 89 4297 Ι
120 4219 229 4291 lustitia
254 4221 566 4294 illarumecciesisrum,
584 4243 600 4283 s
617 4228 717 4299 quitus
738 4238 907 4286 utortuorunt
958 4226 1025 4282 telis
1039 4228 1174 4282 cumbaudi
1189 4244 1271 4285 cttttt
1284 4245 1333 4287 '⁰⁸
1345 4231 1444 4287 iterum
1466 4240 1561 4287 0⁰¹1¹ii¹
1574 4227 1747 4301 lillibl'ffllffl

123 4326 239 4381 corpora
261 4325 450 4372 assumuntur.
472 4316 598 4375 Obeunte
611 4332 676 4374 vero
690 4329 726 4383 te,
747 4336 818 4377 truttc
837 4320 905 4390 rjus·
920 4321 942 4376 b
957 4318 1061 4374 ordinis
1075 4321 1161 4376 vestri
1183 4320 1277 4377 saeculi
1298 4323 1454 4379 turbinibus
1472 4321 1627 4392 immerpst,
1646 4331 1678 4377 et
1691 4321 1744 4376 sub

122 4402 182 4460 dem
198 4403 250 4461 loci
264 4400 374 4469 abbate,
387 4404 430 4461 vel
444 4415 551 4462 tutorum
564 4406 688 4478 quolibet
700 4421 902 4474 successorum,

120 4494 211 4554 nuilus
236 4494 275 4551 ibi
299 4495 421 4566 qnalibet
444 4496 629 4568 subreptionis
648 4502 748 4559 astutia
771 4518 819 4560 seu
844 4504 904 4559 vio·

120 4587 203 4645 lentis
218 4597 404 4659 praeponatur,
417 4589 469 4644 nisl
485 4605 565 4662 quem
579 4591 677 4650 iratres
692 4597 829 4652 communi
842 4613 904 4653 cun·

119 4691 203 4735 sertsu
218 4678 259 4733 vei
273 4676 389 4733 iratrum
404 4693 469 4748 pars
486 4680 606 4736 sanioris
619 4682 736 4747 cottsilii,
753 4686 901 4742 secundum

118 4770 165 4825 bei
179 4769 305 4828 timorem
315 4780 344 4828 et
354 4770 426 4829 beati
438 4771 577 4829 Benedicti
588 4772 719 4845 Regulam
733 4781 902 4849 providerint

116 4860 281 4932 eligendum.

152 4953 402 5027 buccrnimuserpo
419 4964 448 5011 ut
460 4956 526 5012 nulli
543 4959 655 5015 ottntino
669 4960 809 5019 bantinum
821 4964 900 5021 liceat

115 5043 255 5110 prelatum
271 5047 466 5103 trrouasterium
480 5057 582 5104 temere
594 5053 766 5120 perturbare,
778 5063 824 5110 aut
838 5070 899 5126 pos·

116 5134 251 5190 sessiottes
262 5136 322 5205 cius
333 5136 450 5204 auferre,
459 5140 500 5193 vel
508 5140 613 5195 ablatas
625 5143 754 5212 retinere,
767 5146 897 5217 minuere,

114 5238 162 5280 seu
184 5224 351 5294 quibuslibet
373 5230 560 5287 vexationibus
578 5232 712 5302 latigare3
734 5236 781 5291 scd
805 5239 897 5293 omitia

113 5315 220 5387 integra
247 5331 444 5377 cottservcntnr
466 5338 571 5391 corutn,
590 5339 639 5393 pro
662 5340 777 5396 quorum
800 5329 897 5399 puber-

956 4410 1023 4464 recti
1045 4411 1140 4478 specie
1154 4414 1333 4484 vosmetipsos
1346 4411 1523 4481 decipientes,
1543 4412 1579 4469 ob
1593 4411 1748 4484 temporslo

954 4501 1125 4558 commodum
1143 4504 1337 4571 acquirendum
1352 4503 1396 4557 rel
1412 4501 1614 4559 incommodum
1632 4502 1743 4557 evitan-

953 4589 1028 4657 dum,
1038 4602 1140 4648 tentare
1153 4609 1298 4649 cattsarutn
1309 4608 1357 4650 vos
1366 4591 1593 4648 altercationibus
1601 4591 1741 4649 inseratis.

953 4681 1016 4737 lnde
1043 4683 1115 4738 enim
1140 4684 1212 4753 quod
1231 4694 1258 4740 et
1283 4685 1342 4753 paci
1372 4693 1400 4741 et
1427 4683 1615 4752 tranquillitati
1637 4693 1737 4739 vestm

952 4772 1096 4842 providere
1116 4774 1236 4831 volentes
1256 4776 1371 4831 tirmiter
1393 4776 1558 4844 inhabenms,
1592 4788 1627 4830 ue
1655 4775 1736 4831 alicui

952 4867 985 4921 de
1003 4867 1140 4937 prioribus
1154 4879 1201 4924 aut
1217 4869 1347 4925 iratribus
1361 4870 1460 4925 vestris
1474 4883 1636 4940 tptscunque
1652 4878 1740 4925 teme

952 4960 1026 5014 caria
1054 4961 1278 5029 praesumptione,
1301 4963 1360 5017 sine
1382 4975 1517 5017 consensu
1545 4969 1574 5014 et
1597 4960 1741 5017 voluntate

951 5049 1062 5118 capituli
1078 5049 1174 5106 dantus
1189 5065 1255 5117 suar,
1273 5052 1314 5106 vei
1330 5051 1443 5120 maioris
1463 5061 1490 5108 et
1501 5052 1620 5107 suavioris
1635 5054 1734 5118 partis,

950 5139 1058 5195 licentia
1073 5149 1167 5210 pateat
1180 5141 1345 5212 appellandi.
1367 5143 1500 5199 Prmterea
1523 5158 1584 5198 cunt
1604 5144 1737 5215 gencrale

951 5243 997 5284 vos
1022 5228 1183 5300 capitulum,
1209 5232 1281 5287 sicut
1307 5233 1387 5288 atratis
1409 5234 1523 5305 singuiis
1542 5234 1738 5302 cottsttevistis,

948 5321 1088 5377 celebrare
1103 5323 1258 5393 contigerit,
1280 5325 1304 5380 si
1328 5338 1422 5381 omttes
1438 5329 1584 5382 convenire
1599 5325 1673 5383 iorte
1685 5343 1736 5381 nc·

111 5410 223 5467 natione
246 5428 278 5468 ac
304 5418 502 5473 sustentatione
528 5430 657 5473 cottcessa
691 5428 774 5486 sunt,
803 5421 896 5478 usibus
947 5413 1095 5484 tullerint,
1118 5413 1281 5485 ttssithulda
1305 5415 1401 5486 utaiori
1426 5418 1520 5488 priore
1542 5417 1649 5474 ordinis
1669 5433 1736 5475 curn

112 5504 276 5561 omnimodis
290 5506 447 5574 protutura,
462 5509 536 5562 salva
553 5509 624 5565 sedis
637 5511 790 5581 apostolicae
802 5522 896 5570 ancto—
947 5508 1058 5579 maim-is
1074 5508 1160 5578 partis
1176 5523 1208 5563 ac
1218 5509 1337 5566 sanioris
1355 5511 1471 5567 consilio
1486 5510 1689 5567 rationabiliter
1701 5527 1736 5568 ac

111 5589 204 5660 ritate,
219 5606 246 5652 ct
257 5595 406 5654 diecesani
419 5598 538 5664 episcopi
550 5601 734 5668 ecclesiastica
757 5604 799 5660 tei
812 5619 894 5663 cano·
945 5602 1200 5671 provideanteum
1216 5601 1310 5670 luerit,
1327 5611 1417 5659 ratum
1430 5603 1563 5662 habeatur
1580 5613 1608 5660 et
1624 5605 1740 5660 drotum
