3756 5994
113 189 166 248 aas
581 187 758 244 rrtsruum
779 187 823 242 ιτ
842 184 1092 245 ιιιιιιιεοιι...
1107 188 1162 244 aa.
1183 191 1261 246 rtet.
1361 153 1370 172 ⁰
1698 196 1752 263 aro

114 312 218 358 terraeve
232 304 272 358 rcl
286 303 421 368 minuere,
437 303 478 360 rel
491 303 574 372 aliqui
593 305 619 357 in
636 302 798 358 benedeiarn
811 317 910 359 conce·
923 313 947 372 Α
961 306 1128 362 nerabilibus
1144 307 1284 367 iratribus.
1306 305 1529 377 archiepiscopis,
1557 311 1704 381 episcopis,
1721 322 1749 365 et

114 394 195 459 dete;
222 409 274 462 nee
299 395 405 449 licitum
430 394 467 449 sit
487 394 576 450 cidem
601 394 692 450 abbati
708 396 734 449 in
758 410 804 451 vos
818 404 845 450 et
866 411 910 451 res
961 394 1070 451 dilectis
1105 395 1166 450 dliis
1201 394 1364 462 abbatibus,
1392 397 1545 466 prioribus,
1584 412 1612 457 et
1644 405 1751 459 caeteris

120 487 245 542 eeclesiae
261 498 359 542 vestrm
372 485 523 541 exactionis
545 500 592 542 seu
614 486 813 541 vendicationis
827 502 910 558 anga-
961 485 1141 541 ecclesiarum
1156 485 1278 556 praelatis
1291 485 1406 540 salutern
1425 496 1452 541 et
1466 489 1645 555 apostolicam
1666 494 1748 548 benc-

115 579 184 634 riam
205 592 349 642 exercere,
378 575 454 633 salro
475 575 588 646 antiquo
611 586 727 643 canone,
750 580 795 649 qui
821 580 908 634 eidem
959 577 1117 632 dictionem.

114 670 206 723 abbati
231 671 272 724 rel
296 669 427 724 iratribus
452 668 511 736 eius
527 678 573 723 ant
592 668 733 724 canonicis
753 669 909 740 specialiter
996 667 1099 722 Divinae
1118 667 1205 722 laudis
1228 666 1341 738 gloriam
1354 667 1427 724 eirca
1446 669 1665 726 sacratissimam
1683 687 1748 727 sau·

115 761 239 815 aiebatur.
254 761 502 830 Deceruiatuserpo
514 771 543 815 ut
558 760 622 814 nulii
636 760 748 815 ontnino
766 762 907 816 bominum
957 766 1063 813 clerum
1088 760 1249 814 tnerneriam
1272 759 1407 814 universis
1425 762 1586 818 tatortalibus
1608 763 1748 818 admiran-

79 937 82 941 .
115 848 196 903 liceat
219 849 359 918 praelatam
382 851 526 906 ecelesiam
548 860 652 906 temere
672 852 836 920 perturbare
862 851 906 905 vel
957 849 1031 914 dana,
1054 859 1108 904 tam
1135 848 1309 921 singulariter
1331 867 1412 922 quam
1431 856 1613 910 communiter
1631 857 1750 914 assiduis

115 939 176 1008 rjrrs
192 943 377 1008 possessiones
392 940 514 1006 auterre,
529 940 635 996 ablatas
653 942 783 1008 retinere,
801 941 907 997 minue·
956 942 1117 1011 praeconiis;
1139 942 1187 997 sed
1202 942 1339 1012 prasinus
1351 944 1448 1000 diebus
1469 946 1675 1003 metatorialibus
1698 961 1749 1003 sert

116 1042 156 1091 re,
173 1044 220 1082 seu
231 1031 398 1099 quibuslibet
416 1032 607 1087 vexationibus
620 1031 748 1103 fatigare,
758 1033 805 1090 sed
815 1034 906 1088 navaria
956 1033 1063 1088 iestivis
1088 1032 1305 1089 uoletnnitatibus
1335 1034 1534 1103 ertotteadam,
1560 1036 1750 1094 nrriversitatis

117 1117 222 1221 integre
245 1130 441 1176 conserventur
455 1137 550 1176 eorum
573 1137 755 1194 proquorom
770 1123 906 1194 guberna·
955 1123 1087 1180 Conditor
1110 1123 1268 1193 invisibilia,
1283 1126 1446 1194 quibusdam
1471 1127 1622 1183 visibilibus
1645 1130 1742 1200 signis,

61 1266 67 1279 ,
117 1217 188 1263 ttoae
202 1221 229 1264 ct
250 1214 451 1269 sustentatione
467 1228 598 1270 concessa
621 1224 686 1270 suad
709 1215 804 1271 usibus
817 1215 907 1270 ottrui·
956 1217 1039 1272 relati
1054 1216 1218 1288 qaribnsdam
1235 1216 1386 1288 fulgoribus
1409 1233 1456 1272 sen
1480 1220 1609 1274 tonitruis
1637 1235 1687 1291 per
1707 1223 1750 1278 di-

116 1303 203 1355 taodis
219 1304 370 1370 protutura,
388 1304 463 1358 salva
479 1306 553 1360 sedis
563 1305 905 1375 apostolieteauetoritate.
956 1322 1051 1369 rcrsa,
1065 1324 1117 1362 noa
1134 1315 1224 1360 tamen
1236 1308 1363 1370 adversa,
1374 1308 1420 1362 scd
1436 1308 1525 1377 potius
1540 1323 1659 1364 consona
1673 1309 1749 1365 Scri·

116 1392 210 1463 Siqua
225 1395 308 1462 igitur
323 1396 349 1448 in
364 1393 486 1449 loturam
497 1396 684 1452 ecelesiastica
701 1412 817 1467 persona
834 1400 906 1454 lianc
955 1409 1041 1466 pturre
1061 1411 1146 1451 saerae
1168 1397 1325 1452 testimonia
1345 1397 1513 1460 ntaniiestat,
1532 1399 1628 1454 edocet
1641 1412 1668 1453 et
1684 1414 1749 1453 cerr·

116 1495 216 1538 nostrae
237 1486 441 1541 constitutionis
461 1487 587 1556 paginam
612 1487 712 1552 sciens,
732 1497 826 1543 cottira
844 1503 904 1543 eam
956 1487 1060 1551 iirntat3
1080 1487 1143 1539 tium
1157 1488 1190 1540 de
1204 1486 1273 1554 ipso,
1290 1487 1335 1555 qtti
1348 1495 1392 1539 eat
1416 1486 1474 1540 stae
1492 1485 1545 1541 line
1558 1487 1700 1544 tamtabttzs
1721 1497 1748 1543 et

116 1583 217 1628 tenrere
230 1577 324 1630 venire
339 1578 495 1641 tentaverit,
515 1581 636 1639 secundo
658 1579 772 1634 tertiove
783 1593 905 1634 eorumn-
956 1578 1117 1634 itrorunibus
1131 1576 1517 1646 suisoperibusadmirabilis.
1534 1592 1600 1632 voce
1616 1579 1747 1635 iiavvidica

115 1666 183 1731 nita,
198 1666 249 1719 nisi
265 1677 369 1721 reatum
385 1682 464 1721 suum
476 1669 556 1737 diprra
573 1666 764 1724 satisfactione
779 1684 903 1725 currere·
921 1647 1111 1724 Bnuntiatur:
1129 1669 1249 1723 Laudato
1265 1667 1406 1721 dominum
1427 1666 1563 1721 inrnrretir
1584 1668 1641 1737 ejus
1657 1667 1746 1734 (Pani.

117 1756 161 1821 rit,
177 1757 320 1825 potestatis
335 1758 500 1826 honorisque
524 1760 567 1814 sui
583 1770 676 1814 careat
700 1761 844 1831 dignitate,
861 1776 905 1816 re·
954 1777 981 1826 ι,
997 1762 1034 1831 1).
1052 1760 1086 1815 Et
1098 1760 1159 1816 ilio:
1176 1759 1308 1814 Mirubiiir
1327 1757 1398 1813 Dens
1420 1759 1561 1814 iniunctis
1585 1762 1640 1813 ertia
1657 1759 1746 1829 (Pani.

115 1862 214 1917 ariique
229 1862 260 1902 se
270 1849 364 1902 divino
375 1847 480 1915 iuriieio
496 1847 613 1904 existere
629 1852 664 1903 de
677 1859 833 1920 perpetrata
853 1850 904 1904 iui-
954 1864 1076 1918 taxavit,
1088 1850 1145 1921 sd).
1161 1849 1194 1904 Et
1211 1849 1245 1904 de
1264 1847 1329 1918 ipsis
1342 1847 1447 1902 sanctis
1463 1834 1514 1900 sub
1526 1848 1643 1916 quandam
1656 1849 1744 1901 admi·

115 1940 218 2006 spiritate
244 1947 402 2008 eognoscat,
431 1948 458 1992 et
479 1940 699 1996 asaeratissimo
728 1955 844 2011 corpore
877 1949 906 1996 cl
954 1945 1061 1999 ratione
1081 1941 1241 2012 prophetico
1260 1952 1391 1994 sermone
1414 1939 1592 2006 proponitur:
1611 1937 1747 2004 Quiruat

115 2029 246 2098 sataguine
267 2027 314 2082 lici
332 2037 359 2082 et
385 2028 490 2084 Dortrini
516 2028 704 2101 iiedemptnris
731 2033 817 2087 nostri
839 2030 903 2086 iesu
954 2037 1001 2092 isti
1015 2035 1061 2106 qui
1077 2042 1106 2088 ad
1126 2033 1207 2087 nubea
1225 2027 1494 2099 nolentlete.(1sai.
1512 2045 1557 2095 ux,
1571 2029 1610 2100 8.)
1625 2030 1659 2085 Et
1684 2047 1747 2087 cnm

115 2119 214 2173 tsslrrirti
229 2119 317 2174 alicua
334 2121 485 2191 linumque
501 2123 527 2176 in
540 2133 663 2178 extremo
674 2123 802 2178 ceastriae
815 2124 906 2178 distri·
955 2129 995 2195 sit
1008 2129 1081 2182 idem
1095 2125 1217 2196 optimus
1228 2131 1256 2178 et
1271 2122 1406 2183 iuiluitus,
1422 2121 1639 2176 innotuerabiles
1654 2121 1748 2178 voleus

114 2220 165 2265 ctae
177 2210 272 2271 ultioni
283 2211 433 2279 subjaceat.
449 2215 561 2270 Cunctis
577 2225 668 2271 eutem
681 2217 769 2272 eidem
784 2217 842 2272 loce
855 2232 904 2271 sua
955 2216 1066 2279 babere,
1084 2215 1227 2284 dequibus
1241 2212 1340 2267 debeat
1354 2210 1516 2275 collaudari,
1534 2210 1614 2266 sicuti
1626 2212 1659 2267 ab
1670 2222 1749 2268 aeter·

112 2300 173 2369 jura
189 2302 359 2358 servantibus
373 2304 410 2357 sit
419 2319 471 2374 pax
486 2303 594 2360 Deretini
608 2308 695 2361 riustri
709 2305 774 2361 iesu
789 2305 903 2371 Christi,
954 2324 991 2365 no
1005 2308 1153 2363 secuudum
1174 2319 1230 2360 sua
1245 2302 1372 2372 potentia
1387 2300 1497 2357 divitias
1517 2302 1667 2370 ordinavit,
1683 2317 1749 2358 san·

115 2405 249 2465 quatenus
263 2404 290 2451 et
306 2396 350 2451 irie
371 2395 491 2451 lrrrctum
504 2396 582 2452 borrae
595 2397 711 2453 aetionis
725 2397 906 2468 percipiat,et
955 2401 1006 2456 ctis
1028 2408 1139 2454 sarretos
1164 2399 1294 2466 aggregat
1317 2402 1345 2447 et
1368 2391 1503 2463 adjungit,
1521 2400 1552 2446 ut
1570 2390 1696 2447 innuitur
1720 2393 1747 2447 in

115 2489 185 2556 apud
202 2486 355 2542 districtum
376 2486 494 2557 judicem
508 2489 621 2557 prataria
641 2497 751 2544 aterna
770 2490 847 2559 pacis
863 2489 905 2544 iu·
956 2493 1042 2562 ipsius
1065 2489 1154 2543 laudis
1178 2464 1375 2542 abundantiam
1398 2482 1551 2540 redundare
1566 2481 1631 2539 dum
1656 2481 1746 2539 dicit:

116 2582 221 2635 l'esslii·
234 2582 330 2644 taren,
344 2594 434 2643 intell·
447 2594 536 2634 iulii·
957 2584 1073 2638 Lnudute
1094 2596 1154 2635 eura
1176 2578 1319 2633 secundum
1341 2576 1535 2630 multitudinem
1556 2573 1748 2642 mopnitndinit

152 2671 206 2738 Ego
220 2671 392 2733 Caelestinus,
407 2668 548 2723 eatbulieae
570 2667 699 2724 Ecclesiae
710 2668 866 2740 episeopus.
954 2671 1114 2743 ejuslibet.
1129 2686 1170 2735 ce,
1184 2669 1223 2740 2).
1237 2666 1314 2735 Quod
1329 2675 1420 2721 autem
1437 2666 1463 2719 in
1479 2664 1581 2719 sanctis
1592 2663 1670 2732 quasi
1683 2676 1747 2732 spe-

151 2764 207 2830 Ettss
219 2761 346 2826 etunius,
359 2761 516 2815 albanensis
530 2761 687 2830 episeopus.
955 2765 1061 2821 cialiter
1076 2777 1106 2818 se
1131 2758 1294 2815 laudabilem
1315 2757 1437 2822 exlrssbet,
1456 2764 1483 2810 et
1507 2755 1534 2808 in
1548 2754 1589 2809 eis
1609 2753 1747 2809 mirabilis

152 2857 206 2926 Ego
233 2846 412 2921 Odiiliilw's,
439 2852 574 2908 Ostiensis
603 2861 631 2906 0²
657 2848 815 2906 Veilllelltis
846 2851 903 2922 etli-
956 2856 1101 2919 invenitur,
1119 2855 1147 2907 in
1165 2832 1423 2924 ipsorumdoct‘riua
1446 2845 1589 2902 fructifera
1607 2855 1747 2916 clepera·

72 2968 77 2978 ’
116 2963 223 3018 ectitius·
256 2953 263 2963 ’
918 2952 1030 3032 ctione
1045 2945 1147 3002 salubri
1171 2940 1302 2997 miracula
1323 2938 1509 3004 correedcndn,
1535 2944 1675 2993 eteorum
1698 2951 1747 2990 nu·

153 3042 209 3111 b'go
225 3038 353 3107 ioannes,
370 3038 552 3094 Praenestinus
569 3036 719 3107 episeopus.
957 3054 1062 3095 nicrum
1080 3032 1293 3106 artgrucatando,
1310 3032 1344 3085 ad
1366 3042 1487 3086 nostram
1503 3028 1597 3099 procui
1613 3027 1706 3092 dubio,
1722 3029 1748 3081 si

106 3168 109 3173 -
154 3133 208 3203 Ego
233 3131 347 3198 Petrus,
379 3130 537 3186 Portuensis
567 3139 596 3183 et
622 3129 652 3182 S.
679 3127 902 3199 iluiinmepisen·

135 3240 175 3279 us.

116 3240 133 3293 μ
158 3314 381 3389 EgoPanduilus,
396 3311 522 3368 Basilicas
539 3311 587 3366 tlt
606 3311 790 3380 apostolorum
811 3312 903 3379 presb.

115 3413 190 3465 card.

152 3501 206 3571 Ego
233 3496 345 3566 Petrus,
380 3494 422 3548 tit.
439 3491 469 3547 S.
489 3490 597 3545 Ceciliar
615 3492 710 3561 presb.
743 3490 902 3545 cardinalis.

153 3592 209 3660 Ego
229 3586 374 3647 londanus,
401 3583 492 3652 presb.
519 3580 712 3638 cardinalias.
730 3579 905 3636 Pudentiaum

119 3684 160 3738 tit.
174 3679 302 3734 Pastoris.
870 3719 873 3723 .

154 3776 209 3845 Ego
232 3770 391 3834 Gratianus,
413 3765 464 3822 SS.
491 3767 597 3823 Cosmus
630 3777 659 3822 ct
682 3766 807 3824 bamiaui
833 3767 902 3824 diae.

118 3882 148 3919 ca
186 3905 193 3919 .

92 3986 97 3994 ·
152 3867 210 4026 ἓὲο
240 3950 419 4016 Gerbardus,
453 3947 547 4004 Sancti
581 3947 693 4004 Adriani
726 3950 798 4007 diae.
815 3951 905 4007 cardi·

137 4049 171 4098 11·
190 4087 197 4103 ι

119 4066 211 4212 Ἤ)
240 4137 394 4202 Golredus,
429 4133 459 4190 S.
488 4131 579 4190 llarire
601 4133 629 4189 iu
657 4131 705 4188 iia
738 4134 806 4193 Lata
832 4137 902 4192 diac,

118 4237 195 4291 curti.

956 3132 1102 3203 diligenter
1132 3126 1248 3181 velimus
1273 3122 1424 3187 attendere,
1447 3122 1572 3176 troicitur
1609 3119 1748 3190 pertinere

956 3226 1082 3279 salutern.
1099 3220 1131 3274 Et
1143 3225 1218 3274 tanto
1234 3213 1328 3282 trrajori
1342 3213 1485 3268 dcrotioue
1497 3211 1628 3266 debentes
1642 3222 1746 3279 cogno·

955 3328 1044 3377 scere,
1059 3311 1131 3380 quud
1148 3305 1271 3362 inservis
1285 3304 1341 3357 suis
1352 3303 1386 3355 ad
1399 3310 1499 3356 nostrae
1511 3299 1608 3355 sarientis
1616 3311 1747 3366 augrrrea·

957 3415 1012 3457 tam
1027 3401 1199 3465 omnipotens
1219 3395 1290 3447 ileos
1308 3399 1446 3461 operatur,
1465 3398 1545 3456 prord
1560 3389 1587 3441 iu
1604 3385 1740 3442 similibus

956 3495 1050 3549 Patres
1060 3490 1146 3544 nostri
1162 3481 1452 3541 corrtrtnendabditeret
1462 3479 1505 3549 pi'e
1520 3478 1617 3534 iecisse
1630 3490 1750 3533 noseuu.

957 3597 1012 3651 tur,
1038 3590 1141 3652 natanto
1170 3574 1258 3647 major
1289 3570 1394 3625 tructus
1419 3568 1604 3623 indubitanter
1629 3566 1749 3622 ereditur
1812 3602 1817 3613 .

955 3679 1112 3737 adiuturus.

991 3774 1064 3829 Sane
1087 3767 1272 3826 intelleximus
1296 3777 1329 3818 ex
1357 3758 1474 3830 quodam
1499 3757 1632 3828 rescripto
1657 3755 1747 3813 lelieis

956 3863 1152 3922 recordatiouis
1163 3858 1238 3914 Lucii
1252 3870 1329 3927 papae
1341 3850 1548 3924 praedecessoris
1561 3849 1659 3916 nostri,
1672 3848 1745 3919 quod

955 3958 990 4014 ab
1009 3970 1043 4011 eo
1056 3968 1106 4024 per
1118 3953 1186 4006 dnos
1198 3948 1312 4003 abbates
1324 3945 1428 3999 ordinis
1449 3941 1649 4006 cisterciensis,
1675 3941 1750 3996 uiros

955 4045 1085 4118 providos
1095 4052 1124 4096 et
1137 4041 1283 4099 discretos,
1297 4034 1437 4089 lrunriliter
1447 4040 1474 4084 et
1484 4031 1619 4084 instanter
1628 4045 1660 4083 ex
1670 4037 1749 4097 parte

956 4118 1041 4204 teritis
1056 4119 1162 4188 ordinis
1175 4126 1257 4182 inerit
1273 4123 1451 4195 postulatum,
1469 4126 1499 4172 ut
1519 4118 1605 4173 beatae
1620 4125 1747 4172 recorda·

957 4228 1038 4285 tionis
1056 4225 1167 4280 Petrum
1194 4219 1331 4288 quotidem
1356 4210 1595 4268 Tatetttasiensem
1610 4207 1748 4278 archiepi-

156 4329 210 4401 bgo
242 4324 413 4398 Gregorius,
430 4323 475 4389 ,5.
508 4323 600 4380 llariae
629 4323 656 4378 in
686 4321 797 4383 Portica
832 4321 903 4376 diae.
923 4325 1074 4388 iiscopurn
1095 4312 1258 4369 carrorrirare
1274 4307 1394 4363 deberet.
1411 4302 1462 4371 eri
1478 4299 1601 4374 petitioni
1618 4298 1748 4370 sibipurr·

119 4434 165 4472 rar
186 4458 193 4472 .

153 4421 218 4562 iidata
242 4507 334 4562 bonta
349 4504 419 4575 apud
436 4505 466 4558 S.
483 4502 606 4569 Petrum,
625 4517 675 4571 per
687 4516 798 4558 manum
822 4500 906 4571 lioysi

959 4421 1039 4469 recte
1057 4407 1184 4479 placitum
1200 4398 1359 4471 praebuisset
1373 4408 1528 4459 assensum,
1550 4391 1603 4447 uisi
1618 4391 1746 4460 quedam
1818 4416 1821 4421 ·

959 4514 1110 4572 temporum
1131 4507 1158 4552 et
1181 4506 1272 4549 rerum
1289 4486 1498 4544 incommoditas
1513 4480 1668 4539 laenitatem
1684 4492 1749 4536 tuae

120 4609 220 4653 sarronae
233 4598 363 4656 Romanae
374 4594 504 4651 Ecclesiae
514 4593 684 4660 subdiaconi,
698 4594 785 4648 vicera
801 4593 908 4663 agentis
958 4593 1087 4669 posteriori
1102 4589 1193 4658 operia
1209 4586 1379 4652 denegasset.
1395 4575 1451 4631 Nee
1467 4576 1501 4631 de
1514 4574 1602 4645 ipsius
1614 4571 1750 4626 ullatenus

120 4689 287 4752 cancellarii,
304 4703 330 4742 rr
348 4686 417 4742 Non.
435 4687 508 4752 llaii,
524 4685 619 4740 indict.
633 4697 756 4748 tx,anao
770 4684 907 4738 incarnat.

959 4685 1064 4742 meritis
1078 4678 1224 4742 dubitavit,
1239 4675 1287 4728 sed
1304 4669 1372 4726 nibil
1384 4683 1417 4724 eo
1429 4676 1550 4736 tetttpeve
1563 4665 1597 4719 de
1610 4663 1689 4716 tnirat
1697 4662 1724 4715 ul
1736 4675 1750 4716 s

122 4780 199 4835 born.
229 4781 316 4845 llil,
347 4778 521 4851 pontilicatus
550 4793 616 4833 vero
638 4775 741 4832 domini
767 4772 908 4831 Caelestini
959 4787 988 4835 et
1001 4770 1209 4832 conversatione
1230 4764 1315 4834 ipsius
1328 4760 1465 4830 aliquibus
1482 4743 1572 4811 inerat
1586 4753 1687 4808 litteris
1701 4753 1750 4806 ad-

119 4888 195 4948 papae
209 4870 253 4937 ttl,
266 4887 336 4928 anno
349 4872 445 4942 primo.

494 4980 536 5038 ill.

121 5098 340 5168 Aneiriepiseopis,
363 5095 500 5164 episcopia,
525 5090 664 5146 abietibus
680 5088 812 5158 prioribus
824 5098 847 5141 et
861 5103 910 5141 cu·

157 5173 219 5225 teris
234 5169 405 5223 ecclesiarum
415 5162 532 5232 predictis
547 5158 654 5214 l'etrunt
672 5159 804 5228 qnondam
820 5158 909 5211 erebi·

155 5243 303 5307 episcopum
329 5233 568 5296 Torentmienrent,
593 5237 746 5285 tunctorum
771 5227 908 5281 ordiariiur

156 5311 298 5377 ascriptum
314 5306 427 5362 atuatici.

262 5421 378 5492 (Roma,
391 5432 436 5488 ap.
454 5415 484 5470 S.
505 5413 615 5470 Petrum
633 5410 694 5464 llaii
708 5408 765 5479 10.)

310 5509 386 5585 [dete
409 5507 476 5572 88..
491 5504 554 5561 llatt
571 5512 589 5558 t.
605 5497 720 5571 testi]

161 5608 340 5664 Cmtnsrtuus
354 5603 508 5673 episcopua,
527 5608 623 5654 servus
633 5605 774 5650 serrorum
789 5588 847 5658 ilci,
864 5605 910 5645 ve·

960 4877 1094 4929 notatum,
1111 4871 1139 4917 ct
1156 4860 1247 4915 decuit
1261 4857 1373 4911 fratrent
1386 4849 1523 4922 postulato
1544 4844 1748 4902 communitatis

960 4960 1076 5017 consiliu
1089 4955 1209 5020 differre,
1222 4951 1354 5004 rrraridans
1366 4956 1396 5001 ut
1405 4947 1439 5001 de
1447 4943 1552 4999 actibus
1564 4949 1593 4996 et
1606 4952 1751 4994 conuersa·

962 5056 1034 5110 tione
1053 5046 1193 5105 memorati
1214 5040 1305 5099 Patris
1319 5056 1353 5095 ea
1368 5046 1513 5109 qrraeeerta
1529 5042 1621 5088 essent
1642 5031 1749 5086 interlin

961 5144 1150 5215 redigerentur
1169 5135 1195 5188 iu
1216 5130 1342 5199 scriptis;
1360 5138 1390 5182 ut
1410 5140 1474 5181 cum
1495 5137 1602 5192 tempus
1621 5130 1752 5190 opportu-

960 5245 1025 5285 num
1041 5227 1161 5288 adesset,
1175 5218 1299 5277 Ecclesia
1313 5215 1360 5270 liri
1380 5221 1482 5269 certain
1496 5220 1524 5266 et
1543 5207 1749 5264 italubitabilem

961 5318 1115 5375 firmitatem
1129 5312 1253 5376 baberet,
1267 5307 1311 5364 eui
1324 5306 1396 5360 circa
1415 5317 1446 5359 ea
1463 5317 1522 5373 qttac
1535 5301 1616 5370 petita
1631 5298 1749 5361 luerent,

961 5405 1132 5467 concedenda
1156 5401 1280 5458 seerrrius
1307 5406 1336 5454 et
1364 5395 1516 5453 ilducialins
1540 5398 1632 5463 posset
1657 5389 1747 5446 iuttiti.

961 5500 1094 5569 erurrianr
1109 5510 1184 5565 erpo,
1196 5492 1271 5564 irrata
1283 5489 1339 5558 iant
1359 5488 1460 5544 dietum
1475 5482 1582 5554 praiati
1596 5478 1749 5552 prrrtleces·

962 5587 1031 5643 tutis
1046 5581 1131 5644 ttosit‘t
1145 5579 1313 5650 tttatttialutn,
1327 5591 1359 5634 ea
1378 5588 1440 5648 qttae
1454 5575 1549 5629 beatus
1562 5568 1609 5630 ilie
1635 5570 1677 5627 tit
1690 5569 1748 5626 tit·
