3756 5994
111 255 181 312 tots
726 246 923 303 GOELEsvntt
941 248 974 303 lli
993 248 1093 303 PAPAE
1697 242 1752 306 flii

110 370 318 431 (lantoniensis
340 368 471 425 Ecclesiae
486 367 613 432 salutem,
628 377 655 423 et
676 382 772 439 pacem
791 384 839 438 per
852 378 898 425 to·
913 376 938 434 Α
955 372 1071 424 fratrum
1085 377 1242 425 nostrorum
1255 366 1441 431 deceruivnus,
1458 373 1491 421 nt
1518 362 1699 420 venerabilis
1710 348 1755 420 ira·¹

111 476 167 521 tuna
185 477 297 530 regnum
312 460 428 532 Avvgliae,
448 475 503 515 non
524 460 654 515 obstante
668 460 830 527 exceptione
856 459 900 515 vel
951 470 993 515 ter
1010 469 1103 514 noster
1117 458 1257 513 liubertus
1271 455 1484 513 cantuariensis
1511 454 1746 527 arelxiepixeopvs

111 553 254 624 privilegio
270 550 419 606 venerabili
435 551 515 605 lratri
533 560 627 604 nostro
648 548 781 605 Gaulrido
799 551 900 606 Ebora·
950 552 984 607 de
1010 553 1088 621 cujus
1112 549 1217 605 viveritis
1240 557 1269 604 et
1290 547 1402 611 virtute,
1429 545 1588 617 sapientia
1616 545 1752 617 pariteret

111 645 189 702 censi
205 644 425 714 archiepiscopo,
440 652 487 697 ant
499 642 624 698 ecclesiae
635 657 690 697 snae
703 641 746 697 vcl
757 640 801 695 alii
815 640 899 708 iacto,
950 645 1085 708 doctrina,
1103 642 1227 698 Ecclesia
1243 637 1407 695 universalis
1428 637 1628 707 congaudet,
1645 638 1753 695 ruiniste·

110 733 228 796 uilicinnr
245 732 292 788 tibi
311 732 456 804 legationis
471 732 664 797 concedimus,
678 746 728 802 per
748 731 899 800 apostolica
952 736 991 791 rio
1007 736 1149 806 legationis
1179 744 1302 803 accepto,
1329 730 1404 786 vices
1420 738 1545 785 vvestras
1565 730 1607 785 ad
1635 730 1752 786 bonnm

111 826 213 894 scripta
238 827 410 889 marvdmdes,
432 835 567 894 navateuus
590 823 664 878 illam
686 839 749 879 cuna
772 823 900 879 lraternae
951 827 1090 891 Ecclesiae,
1119 834 1147 881 et
1175 825 1349 895 totivrsregui
1375 820 1496 877 salutem
1527 829 1563 875 et
1590 834 1753 892 pacemper

111 912 273 967 obedieutiae
291 912 448 966 bumilitate
472 912 619 980 suscipias,
639 921 667 966 et
688 911 838 967 sennodum
853 910 902 964 da·
952 926 1037 985 totnm
1052 931 1163 987 regnum
1181 914 1295 985 dugliae,
1311 911 1514 969 nonobstante
1531 910 1709 981 exceptione
1721 910 1753 967 iti

113 1014 167 1056 tarn
181 1003 228 1057 tibi
242 1002 352 1057 coelitus
372 1001 531 1056 laenitatem
548 1003 580 1055 ad
606 1003 775 1057 emendanda
797 1016 828 1056 ea
840 1016 901 1072 qtrae
950 1005 1091 1076 privilegio
1102 1005 1149 1060 tibi
1160 1003 1414 1067 'autccclesiaetnar,
1426 1001 1524 1057 frater
1536 1000 1753 1072 archiepiscopo,

113 1106 225 1157 successe
242 1102 285 1146 est
300 1093 452 1159 cuvendari,
467 1101 496 1146 et
511 1094 544 1146 ad
562 1093 707 1147 statuenda
723 1107 784 1163 quae
799 1092 901 1146 lareriut
951 1098 993 1167 vel
1006 1098 1051 1151 alii
1067 1097 1151 1161 lacto,
1165 1097 1250 1152 libere
1264 1102 1444 1166 exsequatur.
1456 1090 1664 1149 Praesentimu
1680 1094 1753 1159 itaert

112 1185 277 1258 stamendu,
302 1184 401 1240 debitae
430 1183 577 1253 diligentie
603 1198 713 1238 rnanmu
736 1185 900 1239 auctoritate

114 1276 200 1347 ipsius
215 1275 360 1345 legationis
371 1289 492 1345 apponas
507 1292 514 1327 :
532 1273 568 1327 ita
585 1273 716 1329 uiritirum
733 1275 760 1329 in
775 1275 902 1347 omuibus

114 1368 297 1423 reverentiam
314 1368 409 1421 matris
423 1375 475 1420 tum
491 1366 620 1421 bourona-
636 1365 764 1420 Ecclesiae
776 1370 900 1435 prorupta

113 1457 262 1511 devotione
278 1457 447 1520 cttstodieus,
463 1465 492 1510 ut
510 1472 570 1511 eam
590 1459 623 1511 tle
640 1455 760 1525 prolecto
778 1456 902 1511 ministe-

115 1548 160 1616 rii,
176 1546 248 1616 quod
262 1547 308 1602 tibi
325 1547 387 1601 laeta
402 1548 558 1611 cornmittit,
577 1547 629 1602 tuis
643 1547 726 1602 ctiam
736 1545 820 1603 lacios
833 1563 901 1618 ope-

114 1635 340 1692 ribuslaetiorcru.

149 1726 245 1779 Dattttn
266 1724 403 1791 Laterani,
426 1743 458 1779 xv
473 1727 606 1784 liniertdas
621 1728 701 1798 spc,
723 1720 937 1799 ιιιιιιιὶΐιιιιῑιιιΒ

113 1816 200 1872 nostri
216 1831 288 1874 anuo
301 1832 337 1873 ιι.

467 1932 556 1990 exet.

113 2026 154 2084 dd
169 2044 259 2081 omrtet
278 2028 382 2097 Arrgiioe
406 2028 550 2095 episcopor.
566 2056 597 2066 -
611 2026 648 2081 be
663 2032 806 2084 reverentia
825 2032 901 2084 eatt-

149 2096 232 2150 ltentln
252 2096 370 2149 lictberto
384 2097 576 2151 Currtnarienst'
599 2097 812 2170 urcltt'episcopo,
832 2102 900 2155 retiis

148 2165 298 2234 apostatice
311 2165 406 2237 legato.

341 2279 496 2348 (Laterani,
515 2281 594 2337 ilari.
615 2284 671 2354 l8.)

387 2368 492 2441 [ibid.
507 2371 568 2426 toz.
585 2372 595 2444 ]

149 2459 331 2517 emersus-us
354 2462 518 2531 episcopus,
546 2478 640 2518 sertus
664 2480 806 2521 servorum
833 2468 900 2535 bei,

115 2552 320 2610 venerabilibus
339 2554 471 2610 iratribus
487 2553 514 2607 iu
532 2553 655 2622 Christo,
670 2556 835 2613 Eboracensi
855 2575 902 2616 aas

115 2645 305 2716 cltiepiscopo,
321 2656 348 2701 ct
366 2646 502 2701 universis
516 2632 666 2718 episcopis,
678 2658 706 2704 et
719 2650 826 2706 dilectis
839 2651 903 2707 liliis

113 2737 260 2791 ‘abbatibus
275 2748 302 2791 ct
317 2738 471 2805 prioribus,
487 2747 514 2793 ct
529 2739 590 2794 aliis
604 2741 784 2806 ecclesiarum
800 2745 896 2814 pirula·

115 2826 152 2879 tis
168 2841 217 2892 per
230 2841 343 2894 reguum
361 2830 464 2898 dvtgliae
478 2835 645 2898 coristitutis,
665 2836 782 2890 salutem
797 2848 823 2890 ct
837 2852 903 2907 apo·

114 2914 238 2970 stolicam
256 2915 483 2973 benedictionem.

151 3008 254 3062 bivium
265 3008 406 3076 sapientiae
423 3010 610 3067 inscrutabilis
624 3013 740 3069 altitudo
757 3030 901 3071 sacrosan·
928 3056 937 3075 ι

114 3109 186 3155 ctam
201 3099 348 3155 Ecclesiam
363 3101 391 3155 in
405 3101 486 3169 liujus
502 3106 594 3171 mnndi
606 3106 747 3161 latitrnliuc
760 3108 900 3177 stabilivit,

114 3199 142 3244 et
161 3190 200 3247 ita
216 3192 336 3262 regimen
351 3201 377 3247 et
395 3195 622 3264 gubernationem
639 3197 665 3259 iu
685 3197 769 3266 ipsius
783 3199 902 3253 inituim-

114 3283 163 3338 bili
190 3285 346 3353 provisione
371 3300 432 3341 csse
450 3288 546 3353 voluit,
575 3298 605 3343 nt
628 3289 661 3343 ud
684 3290 903 3346 eartrsalubvitcr

114 3376 319 3448 gubernandum
333 3377 425 3448 plures
444 3391 652 3436 assumerentur
667 3382 693 3436 iu
708 3394 814 3453 partem
827 3385 903 3439 solli·

115 3470 253 3535 citudinis,
267 3471 392 3540 quamvis
406 3487 455 3540 pro
470 3472 585 3527 inritatis
598 3472 791 3529 ecclesiasticae
811 3476 903 3529 ιιι-ιιι-

115 3568 207 3613 mento
240 3560 360 3614 tlovnaua
398 3561 519 3617 Ecclesia
546 3549 682 3633 acceperit
708 3564 902 3634 plenitmlincm

115 3649 266 3717 potestatis.
283 3649 374 3703 Volant
399 3652 483 3713 enirn,
500 3659 529 3704 nt
556 3654 706 3707 secuudum
722 3657 793 3722 quod
807 3655 903 3709 Ecctc·
933 3696 937 3701 -

116 3737 185 3791 siant
201 3735 347 3803 alloquitur
365 3736 392 3788 in
408 3735 542 3804 Prepbeta
555 3775 563 3802 ,
577 3753 627 3807 pro
646 3740 771 3806 patribus
782 3740 841 3808 ejus
855 3741 901 3795 lilii

117 3835 305 3893 nascerentur,
333 3828 379 3897 qni
403 3843 488 3898 super
511 3843 622 3883 ornnem
650 3839 751 3884 terrant
767 3832 903 3902 principes

115 3915 269 3981 constituti,
285 3918 415 3972 virtutum
432 3918 537 3974 meritis
553 3928 579 3973 ct
598 3918 681 3975 verbo
694 3921 837 3989 doctrinm,
853 3938 901 3977 ru·

116 4009 175 4074 des,
202 4008 236 4064 ad
258 4010 337 4065 lldem
365 4020 520 4081 provectos,
537 4014 571 4069 ati
590 4012 724 4082 justitiam
749 4017 900 4075 erudirent.

119 4100 194 4156 Urttle
209 4113 383 4158 sacrosancta
406 4104 527 4160 liomana
550 4104 681 4171 Ecclesia,
705 4108 749 4162 cui
772 4109 902 4164 bantinus

115 4208 199 4262 super
212 4201 325 4251 ceteras
337 4196 450 4251 cotvtulit
469 4186 593 4251 'ecclesian
605 4197 793 4268 rvtngistratum
806 4217 813 4264 ;
828 4198 901 4267 pium

115 4286 149 4341 :vd
164 4287 232 4342 arliae
255 4297 379 4343 materna
394 4288 548 4356 provisione
565 4298 716 4357 rcspceturu
732 4288 852 4358 providit
867 4289 902 4343 ab

115 4375 206 4441 initio,
221 4386 248 4432 ct
259 4376 387 4432 laudabili
397 4379 733 4435 bactenusconsuetmliue
741 4377 899 4443 custodivit,
918 4401 939 4455 ῃ

117 4477 145 4522 ιιι
158 4470 191 4524 tle
205 4470 322 4525 diversis
345 4469 438 4531 mnudi
462 4471 587 4539 partibus
609 4469 642 4523 acl
663 4482 759 4523 earum
778 4470 901 4526 ministe-

119 4560 186 4613 rium
201 4560 366 4630 implendum
381 4560 454 4615 viros
463 4562 901 4629 prudentesassumeretzquortun

117 4652 266 4709 auctoritas
280 4660 307 4707 et
318 4651 443 4706 doctriua
459 4651 510 4706 sub
527 4648 639 4703 Rotnani
652 4649 791 4720 pontilicis
807 4651 900 4706 rvvode-

117 4745 223 4799 ramiue
250 4745 410 4811 constituta,
433 4742 505 4812 quod
528 4739 585 4811 ipse
605 4756 659 4796 non
683 4749 790 4810 poterat
806 4743 900 4810 procul

116 4837 282 4892 distantibus
304 4838 429 4893 ecclesiis
455 4836 632 4903 rnirdstraret.
663 4832 739 4889 Ursule
764 4849 814 4889 uos
837 4835 898 4903 qui,

86 4939 88 4943 ·
117 4926 181 4982 licct
195 4927 420 4983 insufficientibus
433 4927 538 4983 viveritis
554 4926 581 4980 iu
599 4925 709 4980 sublimi
721 4941 815 4981 sumus
827 4925 899 4995 ejus·

117 5018 177 5071 dem
193 5019 302 5084 spccnla
317 5018 469 5083 constituti,
482 5025 590 5086 patrum
604 5026 760 5085 postrorum
777 5020 899 5086 vestigiis

119 5105 295 5171 inhaerentes,
314 5107 351 5161 ita
366 5107 534 5162 intendimus
552 5119 613 5159 curn
637 5104 685 5174 ilci
702 5106 835 5175 adjutorio
858 5110 899 5162 in·

113 5195 237 5263 jutrtctnnt
251 5197 329 5250 nobis
341 5196 519 5251 ministerium
534 5198 605 5251 circa
621 5197 758 5265 proximas
769 5198 899 5255 ecclcsiae

116 5299 223 5357 gerere,
238 5294 266 5339 ut
282 5286 337 5352 bis,
353 5300 366 5336 a
383 5288 482 5356 quibus
501 5287 584 5349 etiarn
601 5287 736 5355 positione
754 5288 898 5352 distensus,

115 5377 366 5448 trpvportunatlebcm
377 5376 546 5444 pirovideutia
560 5392 612 5432 nou
625 5379 729 5434 deesse.
738 5378 899 5449 Specialitcv

114 5475 203 5521 annm
219 5467 404 5537 adpraesens,
419 5465 594 5534 dngticaunm
608 5467 753 5523 Ecclesiam
780 5479 899 5538 gruterum

114 5556 340 5613 considerationis
350 5557 410 5612 acie
423 5557 569 5627 intuentes,
582 5559 615 5615 ad
632 5560 745 5614 salutem
760 5560 855 5630 ipsius,
872 5568 899 5613 et

114 5642 246 5723 speciales
270 5649 297 5707 in
320 5648 431 5714 Cirristo
447 5649 600 5723 prplectux,
622 5652 759 5709 corttmuni
782 5650 897 5707 consilio

952 1190 1115 1244 anctoritate
1131 1187 1305 1243 universitati
1318 1195 1416 1257 vestrae
1440 1199 1495 1255 per
1512 1184 1685 1255 apostoliea
1700 1186 1755 1241 scri.

952 1289 997 1349 pta
1012 1279 1323 1347 mandamus,quatenns
1338 1273 1427 1330 cidem
1439 1282 1590 1345 tavvqtrarn
1611 1275 1757 1346 apostolia

952 1369 1025 1424 sedis
1041 1369 1130 1439 legato
1152 1367 1333 1423 reverentiam
1348 1364 1490 1427 exibeatis
1509 1364 1651 1421 debitam
1672 1375 1701 1423 et
1718 1366 1757 1423 bo·

953 1474 1066 1525 norcm;
1092 1467 1174 1529 atque
1190 1455 1250 1527 ejus
1260 1454 1379 1511 salubria
1394 1453 1503 1509 monita
1523 1462 1558 1510 et
1577 1459 1759 1513 nvandnure·

952 1548 1060 1618 cipiatis
1080 1548 1220 1603 bumiliter
1235 1554 1262 1602 et
1274 1545 1401 1610 servetis,
1414 1559 1481 1613 uuae
1498 1548 1760 1619 auctoritateiega·

955 1639 1046 1704 tionis,
1063 1654 1117 1708 quta
1141 1637 1263 1706 ltrngitnr
1282 1636 1431 1694 secundum
1453 1634 1644 1705 ὓοιιιίιιιιῐιι,
1663 1635 1761 1693 duxere

952 1729 1107 1792 statuenda,
1122 1729 1240 1783 tirmiter
1251 1728 1440 1783 observantes.

989 1820 1086 1874 batum
1104 1819 1243 1885 Laterani,
1257 1833 1291 1872 xv
1311 1817 1449 1887 liniendas
1466 1818 1599 1905 Aprilis,
1627 1817 1761 1887 pontidta-

954 1920 997 1967 tus
1012 1910 1099 1975 nostri
1116 1923 1187 1965 anno
1204 1916 1312 1980 quarto.

1302 1997 1404 2055 cxcii.

953 2115 1098 2191 [ivereium]
1112 2115 1232 2184 episcope
1246 2110 1432 2181 lr'nlgirrniertai
1444 2111 1584 2181 monetat,
1597 2120 1629 2171 ιιι
1644 2112 1758 2190 abietem

988 2185 1017 2240 S.
1039 2185 1157 2240 Silvestri
1177 2183 1334 2252 Orpellenrix
1358 2180 1392 2234 od
1412 2181 1516 2250 prioris
1542 2180 1761 2239 camaldulense

988 2256 1159 2309 obedientium
1176 2262 1288 2307 revocet.

1183 2360 1330 2432 (Laterani,
1347 2356 1427 2415 iiart.
1444 2360 1506 2431 ab.)

953 2453 1262 2530 lilrvrtnecct,1lurrnl.
1280 2451 1444 2517 Cnutnldui„
1459 2449 1507 2518 lv,
1527 2452 1621 2523 App„
1641 2467 1672 2523 p.
1690 2452 1761 2539 iii-p

987 2547 1168 2601 Coecesvrans
1188 2546 1450 2614 episcopusservus
1465 2556 1625 2597 servornm
1642 2544 1703 2607 liei,
1719 2557 1760 2605 re·

957 2640 1070 2695 ucvabili
1095 2639 1172 2693 ban-i
1203 2634 1386 2707 Fivtginatensl
1402 2632 1551 2709 episcopo,
1583 2634 1706 2689 salutem
1734 2638 1760 2685 et

954 2732 1131 2802 apostolicam
1147 2728 1377 2784 benedictionem.
1598 2722 1606 2729 “

990 2824 1111 2879 Dilectus
1126 2822 1197 2876 lilius
1210 2821 1286 2890 prior
1296 2816 1517 2874 Catrruldnlenxix
1527 2832 1582 2893 sna
1599 2816 1684 2873 uobis
1695 2828 1756 2871 coe·

954 2916 1099 2985 questione
1114 2911 1286 2978 nroustravit,
1303 2910 1374 2980 qtrod
1398 2908 1482 2965 abbas
1497 2906 1602 2965 Sancti
1627 2904 1752 2965 silvestri

955 3008 989 3059 de
1002 3005 1110 3075 0spcliu
1123 3004 1307 3058 obedientiam
1323 3008 1351 3055 et
1365 2998 1567 3069 reverentiam,
1576 3014 1663 3071 quarn
1679 3008 1752 3054 ante·

954 3108 1080 3148 ccssorcs
1091 3093 1132 3147 sui
1146 3093 1202 3163 ium
1219 3093 1293 3147 dicto
1311 3090 1394 3163 priori
1409 3099 1437 3145 et
1452 3091 1510 3146 suis
1525 3087 1751 3146 auoeoeswdbas

952 3186 1109 3240 cslvibuisse
1135 3195 1293 3248 noscuntur,
1308 3198 1357 3253 pro
1381 3196 1437 3236 strat
1461 3176 1750 3238 volocitatinrbitrt‘u

953 3282 1070 3349 denegat
1084 3278 1225 3332 exbibete.
1240 3276 1365 3330 tolentes
1387 3273 1483 3351 itaque
1497 3272 1616 3345 ejusdcm
1640 3272 1748 3343 prioris

953 3379 980 3424 ct
996 3369 1125 3424 Ecclesiae
1143 3381 1199 3421 suae
1224 3364 1393 3421 iutleruuitati
1420 3373 1535 3433 potente
1555 3360 1745 3419 sollieitudine

954 3461 1107 3531 providere,
1123 3459 1288 3513 fraternitati
1320 3469 1372 3512 tuae
1395 3473 1444 3529 per
1465 3456 1615 3527 apostoliea
1641 3456 1744 3527 scripta

954 3552 1124 3612 trtarvdamns,
1135 3559 1270 3619 qtrateuus
1283 3549 1406 3618 irtqniras
1420 3540 1504 3620 snper
1518 3549 1676 3620 praestistis
1688 3550 1745 3605 elili-

953 3642 1060 3710 gcutius
1074 3641 1227 3705 veritatem,
1243 3648 1270 3694 ct
1296 3640 1317 3696 si
1339 3641 1375 3695 ita
1392 3639 1439 3696 ribi
1453 3640 1623 3707 constiterit,
1633 3638 1693 3709 lam
1707 3640 1746 3697 d·

953 3745 1026 3787 ctum
1039 3733 1164 3802 abbatem
1178 3734 1212 3788 ad
1228 3733 1411 3788 obedientiam
1425 3742 1453 3787 et
1468 3736 1657 3789 reverentiam
1673 3734 1747 3791 (lebi-

955 3835 1009 3880 tum
1019 3823 1076 3893 jam
1089 3826 1161 3882 dicto
1176 3828 1260 3895 priori
1274 3826 1454 3897 extribendmn
1466 3838 1517 3895 per
1527 3825 1745 3882 ecclesiasticen

952 3931 1097 3970 ccrvsnram
1111 3917 1268 3989 compellas.
1363 3934 1367 3941 ’

989 4007 1085 4062 liatvun
1095 4008 1233 4075 Laterani,
1242 4025 1290 4064 vm
1302 4007 1437 4065 llalcntlas
1449 4008 1562 4081 ltprilis,
1568 4010 1745 4081 morituros

954 4105 1038 4159 trtvstvi
1054 4120 1126 4159 aratro
1137 4115 1245 4174 urrarta.

1287 4214 1398 4273 exedi.

955 4307 1124 4369 dilatam-rum
1138 4306 1363 4389 urelriepirropttnt
1375 4284 1608 4389 Snlxinrgrxren,
1618 4308 1742 4389 iustiliae

987 4377 1184 4511 illiniti
1197 4375 1656 4524 ,lntdlldt'll‘tttlitt
1670 4384 1742 4504 1ΣΞὛ.

987 4530 1045 4582 quie
1058 4532 1106 4595 pro
1123 4515 1297 4593 redentpuone
1324 4516 1436 4572 iliande
1461 4516 1571 4587 regixd
1678 4518 1743 4573 uie

949 4650 952 4657 Ι
990 4596 1148 4660 accepisset,
1174 4600 1232 4636 curn
1254 4588 1403 4654 nttegritnte
1425 4586 1573 4653 reddenda,
1688 4600 1742 4657 epea

984 4668 1079 4721 Jnrore
1095 4669 1153 4706 curn
1166 4654 1310 4724 nrnjoribmr
1329 4667 1406 4709 terre
1420 4654 1542 4725 coegerit.
1558 4672 1571 4709 ι

1200 4745 1352 4817 (laterani,
1365 4746 1444 4802 biart.
1457 4745 1515 4817 22.)

1023 4835 1186 4909 illaesurus,
1201 4838 1345 4897 Gerntunitr
1362 4854 1450 4904 socru,
1467 4848 1487 4895 t.
1500 4838 1532 4907 li,
1547 4854 1576 4911 p.
1591 4839 1673 4915 9554

987 4929 1165 4985 Coecesrraus
1180 4930 1335 5000 episcopus,
1350 4946 1604 4989 servusiservorum
1621 4932 1737 5001 Debeo·

952 5019 1064 5074 vvcrubili
1086 5022 1118 5072 d.
1135 5019 1325 5090 salsburgensi
1346 5022 1560 5094 archiepiscopo,
1577 5020 1741 5081 salutemet

951 5111 1123 5180 apostolicam
1139 5112 1366 5187 benedictionem.¹

986 5202 1093 5268 Qtravno
1108 5201 1185 5256 uobis
1199 5213 1226 5256 et
1238 5204 1285 5258 tibi
1301 5204 1387 5271 iunior
1402 5214 1442 5260 est
1465 5205 1500 5260 ab
1514 5206 1637 5261 omniurn
1656 5208 1740 5264 Crea-

951 5297 1010 5343 tore
1035 5290 1135 5344 collata
1160 5299 1289 5359 potestas,
1316 5301 1344 5347 ct
1370 5292 1504 5363 pluribus,
1529 5304 1645 5352 anctore
1675 5297 1739 5358 Deo.

951 5379 1138 5447 praesidemus,
1153 5382 1199 5451 qni
1215 5396 1248 5434 ex
1265 5383 1372 5438 actibus
1394 5384 1496 5442 nostris
1518 5394 1632 5441 sumunt
1645 5400 1741 5443 uent-

950 5450 1033 5541 plffln,
1055 5481 1132 5527 tanto
1147 5471 1225 5526 nobis
1243 5483 1284 5526 est
1298 5473 1389 5542 potius
1401 5476 1609 5546 praecavendum
1622 5484 1656 5532 ut
1673 5476 1742 5533 taire

951 5577 1001 5616 uos
1018 5563 1196 5618 exbibcamus
1222 5564 1247 5617 in
1264 5575 1396 5635 avrsccptn
1414 5565 1667 5625 adorlnistrationix
1678 5568 1739 5625 olb-

950 5654 991 5707 ciu
1016 5653 1087 5722 quod
1114 5652 1237 5711 subditos
1260 5654 1338 5712 nobit
1360 5656 1471 5727 pmgvnloe
1494 5656 1578 5713 verbo
1593 5656 1744 5731 eadmer,
