3756 5994
118 209 187 266 ll37
618 203 795 259 EPlSTOLAE
813 204 857 258 ET
876 204 1126 260 retuterunt-
1145 204 1202 260 Ab.
1220 204 1293 259 tres.
1674 208 1742 264 ll38

118 323 298 393 impertimur.
319 321 480 390 Eopropter,
495 318 659 374 uenerabilis
685 319 712 372 in
725 317 834 373 cbristo
849 319 905 374 fra·
921 336 941 392 p
959 321 1019 376 fucit
1033 320 1091 376 fiori
1107 321 1268 376 venerabilis
1284 319 1367 374 frater
1381 329 1473 374 uoster
1484 320 1622 378 Conradus
1636 324 1741 396 Argon.-

118 422 169 479 ter,
183 412 361 481 petitionibus
386 411 439 464 tuis
461 419 568 480 gratum
595 407 783 476 impendentes
810 423 904 462 asseu-
956 413 1067 467 tineusis
1087 413 1248 483 episcopos3
1275 422 1375 466 terram
1394 413 1427 466 de
1449 410 1641 479 Salcmbercln
1661 432 1742 486 gran·

117 520 188 566 rum,
201 501 362 557 auctoritate
376 500 424 553 tibi
451 500 622 570 praesentium
637 498 817 569 indulgemus,
833 509 862 551 ιιι
878 499 903 552 iu
927 546 931 555 ,
955 506 1026 576 giam
1045 506 1077 559 de
1090 504 1232 570 ilonartb,
1248 513 1347 560 terram
1368 503 1486 559 feceliui
1500 515 1527 558 et
1547 504 1699 576 tinnienti,
1713 517 1742 566 el

116 592 244 648 ecclesiis
260 602 312 646 tam
329 590 449 646 civitatis
475 604 555 659 quam
581 588 707 642 rlioecesis
722 585 904 643 Bononiensis
954 594 1084 664 quidquid
1109 593 1215 648 traheris
1241 595 1267 647 tn
1289 591 1382 646 eadem
1401 593 1531 663 grangta;
1549 597 1689 663 grangiam
1708 599 1743 653 ,ιθ

117 700 177 752 qum
193 682 240 737 1111}
255 690 317 736 supr
339 680 396 750 tege
413 679 566 734 dioecesmm
579 678 707 746 subJectrc
721 686 748 731 ct
764 676 904 746 inquibus
954 686 1094 740 dncsseim
1108 700 1170 740 eum
1185 684 1312 738 onmibns
1326 684 1499 753 pertinentiis
1514 685 1581 751 suis,
1591 686 1744 759 elcemosy-

117 776 171 828 duo
185 773 226 827 uel
242 772 334 842 plures
349 781 546 825 consueverunt
567 767 718 838 presbyteri
734 767 901 835 ministrare,
954 791 1016 830 pam
1035 775 1157 831 walfridi
1180 776 1213 829 de
1227 773 1397 829 Bissofflretm
1412 775 1438 828 in
1459 775 1555 838 nippis,
1573 776 1667 841 terris,
1679 791 1743 843 pm.

114 866 191 935 jutta
208 865 350 920 facultates
369 878 462 919 eurrtm
480 862 540 916 loco
564 861 752 917 decedentium
769 877 903 930 persona·
955 871 1001 934 tis,
1012 869 1105 933 coriis,
1122 867 1246 922 domibus
1257 877 1284 922 ct
1299 867 1453 924 molendino
1473 868 1543 937 uprrd
1558 867 1740 939 Ergesseym;

117 971 177 1010 rum
191 954 428 1009 aliasauctoritate
439 952 545 1009 concilii
556 951 901 1019 Lateranensisinstituns,
954 960 1093 1032 grurtgiam
1118 961 1151 1014 tle
1175 957 1320 1012 Baldencm
1344 975 1405 1016 cum
1430 961 1557 1017 omnibus
1575 959 1743 1030 appendiciis

117 1046 220 1101 mdlias
246 1060 326 1116 super
342 1046 394 1100 boc
420 1044 633 1100 contradictione
657 1045 698 1101 rel
722 1046 904 1117 appellatione
955 1051 1026 1114 suis3
1045 1051 1183 1120 grangiam
1197 1049 1231 1104 de
1246 1047 1338 1105 llnuso
1353 1065 1413 1106 cum
1426 1050 1604 1105 decimatione
1617 1060 1644 1106 et
1655 1050 1743 1105 omni·

114 1138 254 1191 obstante.
955 1140 1003 1194 bus
1016 1140 1184 1210 pertiuentiis
1196 1141 1270 1206 suis;
1286 1142 1424 1210 grangiam
1439 1141 1472 1196 de
1493 1141 1579 1197 Fossa
1597 1156 1659 1196 cam
1684 1156 1743 1196 orn·

151 1225 221 1280 Nulli
241 1242 306 1296 ergo
319 1227 430 1281 omuino
446 1226 583 1282 frontinum
600 1224 679 1277 liceat
694 1225 765 1277 banc
777 1223 902 1292 paginam
955 1233 1034 1286 nibus
1047 1232 1214 1301 appendiciis
1233 1232 1300 1287 suis.
1316 1232 1433 1288 Usuaria
1454 1233 1537 1288 etiam
1560 1247 1701 1288 nemorum
1716 1242 1744 1289 et

115 1325 216 1371 unstrae
239 1318 425 1371 coracessionis
450 1313 673 1383 infringereve
691 1312 715 1365 ci
733 1327 799 1366 ausu
819 1322 904 1368 trane·
955 1330 1079 1388 pasturas
1108 1320 1265 1374 ertimalimu
1292 1321 1326 1375 ad
1351 1336 1447 1377 omnes
1473 1328 1579 1376 vestros
1596 1335 1644 1390 per
1659 1329 1742 1376 totam

117 1408 192 1462 rario
209 1409 348 1463 contraire
375 1408 402 1461 Si
419 1408 482 1476 ortis
496 1415 585 1460 autem
609 1405 660 1457 boc
684 1412 821 1458 attentare
835 1420 904 1473 prm·
956 1421 1056 1466 terram
1071 1410 1237 1477 ostrs,castri
1251 1411 1323 1480 qrrod
1337 1411 1437 1465 dicitur
1452 1410 1644 1480 spicemberg,
1657 1420 1743 1466 terras
1834 1475 1836 1478 y

115 1500 283 1570 sumpserit,
296 1501 507 1569 indignationem
522 1497 718 1566 ouuripoteutfs
733 1497 779 1550 bri
793 1506 820 1551 ct
840 1497 904 1550 bea·
954 1501 1070 1556 arabiles
1095 1512 1123 1555 er
1148 1502 1240 1556 niueos
1264 1502 1297 1555 de
1316 1500 1465 1563 Tantbsch,
1480 1501 1573 1556 uineas
1587 1501 1620 1556 de
1634 1502 1743 1559 blines-

115 1601 205 1646 ιιιιιιιιι
221 1590 293 1645 Petri
319 1601 347 1644 et
358 1589 433 1644 Pauli
459 1588 644 1658 apostolorum
669 1585 729 1655 ejus
746 1602 776 1640 se
795 1585 904 1639 noterit
955 1592 1031 1647 wttro
1055 1601 1082 1647 er
1102 1591 1136 1646 de
1158 1589 1314 1654 Notttebolg
1329 1598 1356 1643 et
1377 1591 1410 1644 <te
1425 1589 1510 1645 celia.
1523 1589 1594 1645 sone
1618 1591 1743 1647 laborum

115 1683 298 1764 incursurum.
916 1661 1118 1746 Bnestrorum,
1138 1697 1207 1751 quos
1236 1681 1354 1751 propriis
1381 1680 1507 1736 manibus
1533 1687 1561 1734 ct
1590 1681 1743 1750 sumptibus

153 1775 249 1828 batum
264 1770 405 1838 Laterani,
419 1785 491 1823 enno
507 1767 613 1823 Domini
630 1767 710 1834 1195,
725 1782 751 1823 ιι
769 1766 832 1822 Kal·
851 1765 904 1822 Fe·
955 1778 1053 1839 colitis,
1070 1787 1124 1831 tarn
1152 1777 1185 1831 de
1209 1776 1290 1831 terris
1305 1776 1385 1830 cultis
1399 1790 1480 1845 qttam
1504 1773 1624 1840 incultis,
1638 1776 1696 1830 sive
1709 1775 1744 1830 de

115 1867 232 1931 bunarii,
250 1866 424 1934 purrtilicatus
440 1862 527 1917 nostri
542 1878 616 1919 atrito
630 1879 657 1917 ι.

445 1971 569 2028 Clebll.

116 2064 271 2119 Honortrrt't'
291 2062 399 2118 Sancte
423 2065 517 2120 florio)
534 2063 751 2132 Botrmanteusis
765 2064 905 2129 protectio·

158 2151 215 2188 rtem
231 2134 353 2201 suscipit,
371 2135 490 2197 bonanus
505 2151 536 2188 ne
549 2133 686 2204 priuilegia
701 2135 849 2205 conpluunt.

359 2224 510 2292 (Laterani,
527 2223 608 2279 Febr.
624 2225 664 2293 9.)

151 2339 352 2411 [banormum
367 2337 445 2395 Nora
461 2338 587 2394 subsidia
606 2338 683 2407 dipl..
702 2347 721 2394 t.
736 2336 771 2404 Χ,
787 2353 813 2407 p.
830 2336 909 2410 tro]

151 2432 332 2488 coerrsrnus
352 2431 506 2501 episeopus,
522 2446 617 2487 seruus
632 2445 773 2485 serrorum
789 2429 847 2496 bet,
861 2429 905 2483 di·

115 2523 279 2587 loa-tisfrliis,
304 2522 459 2578 lltrrmtno
491 2522 582 2578 abbati
614 2520 771 2576 monasterii
800 2519 906 2574 Sauctse

116 2613 210 2668 ttarta
226 2613 261 2669 de
273 2611 412 2681 Rorrgartll
437 2614 550 2682 ejusque
570 2613 699 2667 fratribus
716 2621 769 2666 tarn
785 2624 905 2678 praesen-

117 2706 190 2760 tibus
205 2719 286 2774 param
309 2702 410 2758 futuris
434 2706 587 2774 regularem
611 2703 694 2757 uttam
721 2699 860 2769 professis,
878 2699 905 2753 iu

116 2805 288 2864 perpetuum.

155 2887 320 2956 Religiosatn
335 2889 420 2941 vitam
436 2884 601 2954 eligentibus
614 2882 792 2955 apostolicum
807 2891 907 2936 couve-

117 2976 158 3029 nit
176 2977 270 3032 adesse
285 2977 452 3048 prasidiortr,
468 2990 501 3030 ue
516 2975 585 3029 forte
607 2973 749 3042 cujuslibet
765 2969 904 3026 temerita·
918 3012 940 3070 C

117 3068 152 3122 tis
168 3068 293 3123 incursus
308 3077 354 3123 eut
367 3082 413 3122 cos
426 3082 441 3121 a
456 3066 597 3136 proposito
617 3073 734 3127 revocet,
750 3071 796 3116 aut
808 3063 902 3124 robor,

117 3159 188 3230 quod
215 3160 299 3214 absit!
317 3166 417 3215 'sacrm
438 3158 576 3229 religionis
602 3166 722 3212 encrrrt.
744 3156 903 3225 Eapropter,

118 3246 209 3300 dilecti
230 3246 257 3299 iu
273 3245 386 3300 Dotrtiuo
401 3246 459 3312 filii,
469 3247 566 3301 uestris
579 3246 660 3317 justis
674 3244 904 3314 postulationibus

117 3336 268 3391 clemmtter
299 3338 446 3391 mumiums
473 3346 499 3392 et
537 3335 679 3403 praefatont
711 3332 904 3387 monasterium

118 3426 226 3482 Sanetee
251 3423 298 3478 llci
326 3427 466 3495 genitricis
488 3436 516 3477 ct
541 3424 654 3493 virginis
676 3421 767 3474 tlartae
790 3421 823 3475 de
838 3420 906 3472 Bon·

119 3518 209 3587 gurtlt,
226 3519 252 3572 ιιι
274 3533 328 3586 quo
343 3518 436 3571 diuino
452 3516 597 3585 tuaueipati
613 3514 680 3568 estis
696 3512 840 3582 obsequio,
856 3509 906 3565 sub

121 3608 193 3662 beati
205 3607 276 3662 Petri
291 3619 317 3663 et
332 3618 422 3662 nostru
437 3607 607 3677 protectione
615 3604 789 3674 suscipimus,
798 3611 824 3657 ei
838 3618 907 3672 prm·

120 3699 205 3772 seritis
228 3699 321 3767 scripti
349 3698 491 3768 priuilegia
521 3697 733 3762 ronmurmnus,
759 3696 785 3750 iu
812 3693 907 3764 primis

53 3842 56 3849 ,
120 3788 254 3857 siquidem
269 3797 434 3853 statuentes,
445 3799 473 3843 ut
488 3789 555 3843 ordo
567 3785 737 3841 monasticus
751 3786 796 3856 qrri
810 3801 907 3842 secuu-

120 3883 184 3936 dum
201 3883 328 3959 Destruet
350 3881 421 3937 beati
438 3879 575 3936 Benedicti
591 3879 720 3949 liegulam
733 3888 815 3949 atrpre
830 3879 909 3933 insti·

122 3974 254 4029 tutiortem
280 3971 501 4028 cisterciensium
517 3969 630 4024 fratrum
652 3971 678 4024 iu
696 3972 791 4025 eodem
814 3983 908 4022 tutona·

122 4064 207 4117 sterio
222 4063 362 4118 institutus
377 4076 439 4117 esse
461 4061 630 4132 dignoscitur
654 4060 792 4130 perpetuis
809 4057 907 4113 ibidem

123 4149 290 4218 temporibus
322 4149 514 4205 inviolabiliter
554 4150 725 4203 observetur.
771 4146 904 4201 Praeterea

123 4256 297 4311 quascunque
330 4243 525 4312 possessiones,
553 4254 721 4311 quecunque
748 4240 816 4294 bona
837 4238 907 4293 idem

956 1870 1029 1924 aruis
1044 1881 1070 1923 et
1081 1867 1207 1940 uirgultis
1220 1867 1329 1932 uestris,
1343 1865 1385 1921 uel
1402 1869 1434 1922 de
1450 1866 1624 1921 nutrimentis
1638 1865 1744 1919 anima·

956 1962 1020 2017 linu
1039 1968 1190 2013 uestrorum
1205 1956 1297 2012 nullos
1316 1972 1331 2010 a
1351 1955 1427 2011 tobis
1440 1956 1559 2012 decimas
1571 1953 1691 2024 exigere,
1702 1953 1745 2007 rel

955 2062 1120 2120 extorquere
1134 2057 1291 2116 presumat.
1306 2046 1399 2103 Liceat
1416 2061 1523 2117 quoque
1543 2046 1619 2102 vobis
1632 2044 1744 2101 elericos

957 2142 998 2196 uel
1020 2139 1105 2195 laicos
1127 2140 1227 2195 liberos
1251 2148 1278 2193 et
1293 2137 1433 2194 absolutos
1452 2139 1583 2194 esaeeulo
1609 2135 1746 2207 fugientes

956 2231 989 2284 ad
1003 2229 1208 2286 couversionem
1225 2230 1355 2298 recipere,
1370 2237 1397 2284 et
1409 2243 1456 2285 eos
1482 2231 1586 2298 absque
1609 2226 1746 2283 contradi·

956 2324 1046 2379 ctione
1061 2323 1150 2391 aliqua
1164 2321 1293 2376 retinere.
1308 2319 1485 2375 Pmbibernus
1500 2322 1620 2388 insuper,
1639 2327 1668 2374 ut
1681 2317 1745 2373 nulli

957 2414 1071 2468 fratrum
1086 2421 1238 2468 vestrorum
1252 2421 1313 2482 post
1328 2410 1427 2466 factam
1442 2409 1643 2466 inmonasterio
1654 2421 1746 2467 restro

957 2504 1151 2580 professionem
1175 2503 1216 2558 fas
1232 2505 1268 2558 sit
1285 2503 1389 2573 ubsque
1405 2502 1512 2558 abbatis
1533 2503 1575 2558 soi
1590 2503 1700 2559 lieentia
1712 2505 1747 2561 de

956 2598 1051 2652 eodem
1083 2595 1144 2650 loco
1172 2595 1322 2649 discedere.
1341 2593 1528 2649 Discedeutem
1552 2607 1618 2647 vero
1642 2592 1747 2662 absque

957 2685 1096 2741 communi
1116 2683 1268 2738 litterarum
1284 2682 1412 2737 cautione
1427 2681 1515 2734 nullus
1529 2681 1627 2735 audeat
1642 2682 1744 2737 retine·

957 2788 987 2827 rc
1001 2789 1008 2826 :
1023 2771 1093 2842 quod
1110 2773 1131 2826 si
1149 2772 1211 2841 quis
1229 2770 1299 2825 forte
1323 2770 1439 2825 retinere
1454 2771 1668 2839 presumpserit,
1685 2770 1744 2825 lici-

958 2872 1013 2918 turn
1036 2863 1072 2917 sit
1091 2864 1167 2918 robis
1193 2863 1220 2916 in
1247 2862 1320 2930 ipsos
1335 2861 1495 2927 monuelros,
1520 2861 1578 2915 sire
1600 2875 1746 2918 conversos

958 2954 1120 3008 senitentiam
1153 2953 1305 3024 repedarent
1333 2951 1466 3021 proferre.
1495 2950 1561 3004 lllud
1597 2950 1746 3007 districtius

959 3046 1123 3111 inhibentes,
1140 3058 1174 3098 ue
1190 3052 1288 3107 terras,
1304 3057 1351 3098 seu
1364 3041 1502 3112 ottodlibet
1514 3042 1676 3121 bonefacium
1700 3058 1746 3099 ee·

955 3139 1044 3195 cicsiae
1071 3147 1170 3192 restrte
1196 3137 1323 3192 collatum
1349 3137 1430 3191 licent
1456 3136 1538 3191 alicui
1564 3136 1746 3206 personaliter

955 3230 1013 3286 dari
1038 3232 1097 3285 site
1123 3228 1179 3283 alio
1203 3229 1282 3282 modo
1298 3226 1423 3292 alienari,
1437 3228 1540 3298 absque
1555 3241 1690 3282 cottsensu
1705 3236 1746 3282 to-

957 3321 1010 3374 tius
1029 3320 1149 3390 capituli,
1164 3319 1204 3373 uel
1219 3320 1330 3388 majoris
1343 3318 1428 3384 partis
1441 3327 1468 3368 et
1482 3315 1663 3371 sanioris.'Si
1684 3330 1744 3383 qttac

957 3426 1022 3465 uero
1044 3409 1215 3472 donationes,
1231 3407 1272 3461 tel
1294 3406 1469 3461 alienationes
1494 3404 1574 3459 aliter
1599 3419 1680 3473 quam
1701 3404 1744 3459 di-

957 3510 1031 3553 ctum
1047 3507 1090 3552 est
1107 3497 1188 3552 factae
1202 3494 1314 3564 fuerint,
1330 3511 1376 3550 eas
1397 3495 1490 3550 irritas
1511 3509 1572 3548 esse
1586 3508 1741 3548 censemus.

957 3591 998 3644 bd
1023 3588 1079 3644 hnc
1095 3589 1179 3643 etiarn
1200 3589 1386 3658 probibemus,
1403 3602 1437 3640 ue
1463 3583 1562 3656 aliquis
1592 3586 1743 3642 monachus

958 3679 1014 3734 sire
1029 3695 1177 3734 cotttersus
1189 3680 1239 3734 sub
1254 3677 1422 3751 professione
1437 3685 1532 3730 restrae
1547 3676 1642 3732 donrus
1662 3679 1744 3734 ustri-

957 3782 1019 3826 ctus
1041 3771 1102 3826 siue
1125 3785 1258 3826 consensu
1281 3779 1308 3826 ct
1323 3770 1432 3825 licentia
1448 3769 1556 3825 abbatis
1581 3778 1610 3826 et
1632 3769 1743 3838 ulainais

958 3860 1042 3930 partis
1055 3859 1166 3927 capituli
1180 3860 1260 3916 uestri
1286 3877 1335 3931 pro
1357 3860 1448 3930 aliquo
1471 3856 1624 3928 lidelubeaf,
1648 3860 1691 3915 rel
1709 3860 1743 3912 ab

958 3952 1049 4020 aliqum
1069 3952 1212 4020 pecuniam
1234 3964 1327 4006 mutuo
1340 3953 1458 4023 accipiat
1471 3953 1541 4008 ultra
1554 3950 1682 4021 pretium,
1697 3965 1745 4003 ca·

959 4041 1035 4112 pituli
1062 4042 1143 4099 vestri
1166 4042 1336 4113 providentia
1353 4044 1542 4108 constitutum,
1556 4042 1609 4096 uisi
1633 4049 1744 4110 propter

960 4132 1130 4189 utauifestam
1145 4133 1240 4188 donnus
1263 4144 1359 4188 vestrae
1387 4131 1636 4199 utilitatemrquod
1657 4129 1680 4185 si
1702 4128 1743 4182 fa·

960 4237 1023 4280 cere
1036 4224 1248 4295 presumpserit,
1267 4238 1319 4280 nott
1334 4234 1458 4279 teneatur
1472 4230 1621 4278 contentus
1640 4220 1744 4290 probis

122 4334 318 4389 'ruouasterium
346 4333 590 4405 truprasemtamm
621 4333 695 4402 jaste
728 4339 755 4383 et
779 4317 1131 4392 canonicepaliquatenus
1154 4314 1450 4387 ¹⁰⁵b⁰¹¹llef⁸i¹3⁰¹¹¹¹¹¹¹
1468 4323 1598 4385 lll'aelesea
1620 4310 1745 4365 ⁸³¹V⁰bi⁸

122 4427 253 4494 possidet,
268 4434 313 4481 aut
341 4427 368 4481 in
395 4428 517 4480 futurum
539 4422 716 4479 concessione
738 4420 908 4492 pontiftcum,

123 4517 269 4586 largitione
286 4533 378 4587 regum
397 4518 439 4571 rel
454 4519 622 4588 principum,
637 4516 774 4573 oblatione
791 4513 909 4568 fidetium

122 4621 169 4662 seo
197 4607 258 4662 aliis
280 4608 365 4677 justis
390 4609 486 4673 modis,
504 4618 653 4678 praestante
669 4606 792 4669 llomiuo,
809 4605 910 4674 poterit

122 4696 245 4765 adipisci,
273 4696 352 4752 lirum
380 4698 466 4764 robis,
491 4702 642 4768 vestrisque
660 4699 863 4754 suecessoribus
882 4705 911 4752 et

123 4786 226 4842 illibata
244 4801 434 4859 permaneant.
452 4789 481 4846 lu
498 4791 596 4861 quibus
619 4792 677 4847 bec
692 4790 812 4862 propriis
826 4789 906 4846 duxi·

123 4895 186 4936 mus
213 4883 387 4951 exprimenda
403 4881 561 4938 uocabulis:

159 4971 616 5044 Locumipsum,inouoprefatnm
624 4971 908 5029 monasteriumsitum

124 5060 909 5130 csteumomnibuspertiuentiissuis,etadlacentigrangia

125 5152 160 5209 de
174 5152 310 5220 bongartb
324 5161 424 5207 terram
442 5156 475 5208 de
486 5153 660 5209 Cillteubertb
672 5155 774 5208 cultam
784 5163 811 5207 et
825 5153 909 5206 incul-

126 5253 192 5311 tam;
204 5244 388 5300 molendinum
399 5246 431 5298 de
445 5245 543 5299 lleisco
555 5261 617 5299 curu
631 5245 716 5299 vitreis
725 5243 908 5314 adjacentibus

125 5336 243 5404 etpretis
253 5353 260 5401 ;
271 5335 399 5405 quidquid
408 5337 490 5390 eliam
500 5335 605 5389 bebetis
616 5335 641 5389 iu
651 5335 745 5400 tineis,
760 5335 839 5389 terris
848 5347 908 5386 ara·

125 5426 234 5489 bilibus,
243 5437 270 5481 et
283 5427 366 5496 pratis
375 5435 401 5480 et
411 5426 520 5480 silviset
530 5425 636 5480 ceteris
648 5426 728 5479 rebus
737 5423 807 5493 apud
816 5421 908 5476 uillam

125 5520 158 5574 dr
174 5518 309 5588 prekeb,
322 5528 349 5571 et
363 5520 389 5572 in
403 5518 644 5588 adjacentiisejus3
661 5518 767 5570 vineam
781 5515 813 5569 de
826 5513 907 5568 flors-

126 5609 210 5680 porclt
222 5617 248 5664 et
264 5610 297 5665 de
308 5608 460 5676 birkereth,
471 5624 521 5664 nee
532 5621 586 5664 non
602 5617 629 5662 et
640 5605 822 5662 molendinum
837 5603 907 5672 quod

962 4408 987 4462 iu
1013 4406 1103 4463 causis
1130 4403 1331 4478 propriissime
1360 4402 1479 4471 civilem,
1496 4402 1555 4458 site
1575 4400 1743 4457 criminalem

960 4497 1116 4553 contineant
1137 4499 1325 4569 quaestionem,
1354 4496 1468 4552 fratrum
1492 4503 1645 4549 vestrorum
1667 4491 1744 4547 testi·

960 4590 1059 4646 moniis
1073 4590 1124 4655 uti,
1138 4603 1173 4644 ne
1194 4605 1243 4659 pro
1262 4587 1370 4645 defectu
1393 4587 1500 4644 testium
1513 4585 1558 4656 jus
1581 4581 1742 4638 vestroruin

960 4679 1051 4749 aliquo
1070 4679 1158 4736 ratem
1172 4678 1306 4748 deperire.
1322 4678 1435 4750 lusuper
1450 4677 1614 4732 auctoritate
1635 4681 1744 4743 aposto-

960 4772 1015 4827 lica
1032 4771 1198 4838 inhibemus,
1215 4785 1249 4826 ne
1267 4771 1356 4826 nullus
1383 4769 1524 4839 episcopus
1551 4766 1592 4821 tel
1616 4763 1743 4834 qrraelibet

960 4864 1011 4917 alia
1033 4876 1147 4931 persona
1160 4860 1194 4914 atl
1208 4862 1326 4931 synodos
1340 4860 1382 4916 rel
1397 4867 1546 4914 contentus
1561 4857 1681 4912 forenses
1696 4869 1744 4909 ros

961 4956 1011 5019 ire,
1028 4955 1068 5010 rel
1081 4953 1184 5022 judicio
1198 4952 1322 5009 saculart
1335 4954 1372 5008 tle·
1383 4960 1473 5007 vestra
1488 4951 1596 5021 propria
1617 4949 1744 5004 substau-

961 5049 1009 5110 tia,
1025 5047 1065 5100 uel
1086 5043 1304 5113 possessionibus
1316 5043 1416 5098 restris
1426 5040 1570 5108 subiacere
1586 5039 1742 5109 compellat,

961 5154 1010 5193 rue
1033 5139 1065 5192 ad
1083 5137 1178 5192 domos
1199 5147 1304 5191 vestros
1324 5149 1405 5190 eausa
1439 5135 1548 5190 ordines
1577 5131 1742 5195 celebrandi,

959 5245 1057 5285 causas
1083 5230 1223 5290 tractandi,
1241 5228 1282 5284 rel
1305 5228 1411 5298 aliquos
1442 5226 1563 5298 publicos
1595 5231 1745 5280 contentus

959 5320 1125 5374 eortuoerndi
1143 5319 1235 5372 sortire
1258 5325 1415 5387 presumat,
1431 5331 1482 5372 nec
1510 5311 1660 5386 regularem
1687 5311 1745 5366 elo-

960 5413 1076 5468 ctioucm
1091 5410 1197 5465 abbatis
1210 5411 1292 5466 uestri
1306 5409 1448 5479 impediat,
1462 5416 1509 5463 aut
1529 5408 1562 5461 de
1577 5401 1745 5461 instituendo

960 5502 1002 5559 tel
1019 5503 1180 5558 removendo
1203 5517 1248 5567 eo,
1260 5503 1305 5572 qui
1330 5515 1379 5572 pro
1398 5511 1519 5571 tempore
1541 5498 1633 5565 fuerit,
1648 5501 1743 5551 eorrtra

960 5605 1060 5656 statuta
1078 5597 1268 5656 cisterciensis
1285 5595 1389 5653 ordinis
1408 5609 1437 5654 se
1461 5593 1632 5663 aliquatenus
1654 5587 1743 5645 intro·
