3756 5994
139 216 209 276 tosa
585 214 1259 280 sutsrotssrnnttneett.-tunsa
1702 216 1775 285 tolo

174 337 229 406 33⁰
247 334 375 397 loannes,
387 331 569 388 Praenestinus
589 335 743 405 episeopus.
944 336 1017 415 μή
1029 352 1091 391 enm
1103 337 1162 392 rias
1175 346 1238 391 tuas
1256 348 1288 390 ea
1304 345 1362 392 tola
1378 338 1505 408 dirigere,
1520 340 1547 394 iu
1572 340 1651 411 eujus
1669 341 1772 399 ditione

172 426 229 494 ligo
243 424 350 485 Petrus,
367 422 526 479 Portucnsis
541 424 699 493 episcopus.
976 434 1047 478 sottt
1070 427 1191 481 omniurn
1220 436 1368 495 potestates
1396 438 1425 483 et
1442 429 1506 497 jura
1533 446 1696 501 regnumne,
1725 451 1773 504 per

175 516 233 584 Ego
253 514 487 580 Parrd.,basiticas
508 512 554 567 th
572 515 765 582 Apostolorum
788 516 930 585 presbyter
980 530 1060 585 qtrem
1074 530 1151 587 reges
1172 530 1296 588 regnant,
1320 521 1496 574 dominantur
1508 521 1656 592 principes,
1668 528 1714 595 qui
1729 542 1772 582 re·

74 661 94 675 Ι,
136 604 295 659 canlinatis.
358 609 364 619 “
503 632 509 649 ·
980 609 1117 676 gibusdat
1135 610 1249 666 salutem
1269 622 1296 666 et
1319 613 1498 682 imperatores
1511 615 1553 668 ria
1568 618 1640 685 regia
1664 619 1772 674 incede·

174 692 230 760 Ego
240 692 348 758 Petrus,
363 692 433 747 tituli
450 693 558 748 Sancte
576 694 693 750 Caeciliae
712 696 856 766 presbyter
867 712 929 752 car·
981 712 1020 765 re,
1035 713 1103 767 quos
1124 697 1191 754 iacit
1212 700 1331 755 ieiiciter
1344 703 1490 770 imperare.
1505 703 1592 760 Sedes
1602 707 1732 761 rrtmirum
1747 711 1789 772 si¹
1825 752 1832 771 ,

137 783 248 837 ttinalis.
979 789 1128 858 apostolica
1155 792 1318 848 sublimitati
1344 794 1527 865 imperatorie
1548 814 1635 869 usqne
1656 803 1690 854 ad
1713 803 1772 857 baec

173 873 228 945 Ego
241 873 384 940 Jordanus,
404 877 547 948 presbyter
563 878 720 946 ,cardinalis
746 877 853 934 Sancte
875 879 928 935 l’u·
980 887 1101 948 tempora
1116 878 1237 938 scribere
1258 885 1451 954 pretermisit,
1464 902 1518 941 non
1533 888 1585 943 boc
1598 891 1662 944 lecit
1673 906 1706 946 er
1722 893 1771 948 ‹te-

136 964 271 1020 drntiauae
284 965 358 1021 Past.
377 967 460 1022 tituli.
979 967 1139 1036 dignatione
1158 984 1206 1024 seu
1222 970 1292 1025 tastu
1307 975 1452 1042 superbla,
1467 977 1515 1030 sed
1528 979 1591 1046 quia
1613 980 1770 1036 medullitus

72 1078 74 1115 t
173 1057 229 1126 Ego
248 1057 343 1130 tingo,
363 1063 507 1130 presbyter
521 1062 670 1118 cardinalis
698 1063 792 1118 Sancti
817 1062 926 1121 llartini
978 1056 1228 1124 affectamuutad
1249 1063 1473 1120 iliisfttcitsstlttm
1490 1067 1632 1136 Ecciflssiae·
1653 1072 1770 1140 (iliwi-

136 1149 219 1202 ιῑιηιῑ,
977 1148 1052 1206 lertsa
1064 1151 1224 1219 gratissime
1246 1152 1398 1222 ridebatur,
1410 1156 1487 1226 quasi
1499 1158 1660 1214 excitareris
1670 1176 1685 1217 a
1694 1177 1770 1217 surn-

171 1241 227 1311 ego
251 1239 386 1310 Soiridus,
405 1243 475 1299 tituli
503 1243 611 1299 Sanctae
629 1245 758 1303 Procedit
782 1254 927 1318 presbyter
977 1257 1012 1297 no
1028 1254 1055 1297 et
1067 1255 1180 1298 matrcru
1197 1255 1269 1299 tuam
1283 1247 1309 1299 iu
1327 1247 1369 1300 bis
1385 1257 1512 1318 tanquam
1526 1251 1587 1319 pins
1607 1254 1677 1307 dlius
1691 1268 1769 1309 cotn-

134 1333 289 1387 canlinalis.
976 1333 1111 1406 placares.
1130 1333 1188 1389 lton
1209 1335 1282 1389 enim
1298 1342 1419 1405 oportuit
1445 1354 1495 1395 nos
1510 1343 1590 1396 alitor
1613 1358 1705 1414 agere,
1720 1347 1767 1416 qtti

170 1422 400 1493 Quaeremus,
417 1426 512 1483 sfflictj
534 1426 606 1482 petet
622 1429 655 1483 aa
672 1428 787 1486 vincula
811 1433 925 1504 presby.
976 1425 1043 1480 alius
1065 1425 1146 1496 longe
1170 1427 1274 1496 positos
1296 1427 1330 1481 ad
1353 1428 1484 1485 sceleste
1508 1431 1680 1490 devotionem
1705 1451 1767 1492 cum

135 1521 177 1568 ter
189 1515 348 1571 cardinalis.
975 1516 1071 1572 ellectu
1086 1532 1253 1587 nequaquam
1269 1518 1384 1574 invitare
1401 1535 1554 1588 possemus,
1574 1539 1626 1580 uec
1648 1527 1767 1586 atroam

169 1605 224 1676 Ego
237 1606 290 1663 cm
294 1645 350 1671 ,,,,,
372 1608 700 1669 samtomancosmaeet
726 1614 925 1671 timiamate.
975 1607 1234 1671 seandalaeritare,
1252 1607 1353 1673 uisite,
1373 1607 1509 1680 quidlius
1529 1620 1558 1667 et
1579 1613 1767 1670 deiensorde·

132 1709 220 1750 cortus
231 1698 387 1754 coutimur.
940 1705 960 1760 it
976 1702 1022 1756 bes
1034 1715 1095 1754 esse
1111 1698 1239 1754 itomane
1250 1697 1380 1755 tectoria
1394 1700 1532 1770 spectatis,
1547 1711 1575 1758 ct
1598 1719 1655 1775 qno
1674 1707 1765 1760 rtnllus

171 1788 235 1841 illa
252 1788 452 1862 Laurentina
474 1808 583 1848 manum
610 1794 697 1849 centii
714 1796 822 1852 Sancte
824 1834 878 1852 .....
894 1799 921 1853 in
973 1793 1143 1848 secularium
1168 1791 1319 1863 principum
1336 1794 1361 1847 ci
1382 1803 1424 1847 est
1443 1794 1629 1864 propinquior,
1644 1795 1766 1864 alloquin

132 1875 235 1933 Ortlua
248 1880 355 1936 diacmri
371 1884 537 1950 cardinalis,
555 1887 646 1940 domni
670 1902 747 1957 papo
762 1890 920 1955 carrarum-tl,
972 1883 1128 1952 apostolicae
1156 1883 1330 1938 salutationis
1357 1883 1515 1952 aliquandiu
1541 1885 1713 1951 intermisso,
1731 1891 1765 1940 ad

131 1983 169 2023 tn
183 1968 243 2024 ital.
259 1971 339 2037 tlaii,
356 1974 504 2031 indictione
532 1992 597 2042 trit,
613 1977 811 2033 incarnationis
829 1981 921 2036 llonti·
972 1974 1025 2030 ¹¹⁰⁶
1039 1976 1125 2044 ipsunt
1147 1974 1275 2030 itlduoei‘
1289 1989 1462 2030 willemus·
1476 1973 1610 2042 Qss⁰ssi³¹¹¹
1626 1976 1710 2046 iiiiii
1720 1993 1764 2034 ΒΕ·

131 2061 200 2116 nicar
219 2078 292 2118 aturo
304 2063 383 2129 tlte,
398 2064 572 2134 pontilicatut
584 2082 650 2124 raro
668 2068 760 2124 dotuni
780 2068 920 2127 lioelestini
971 2072 1090 2127 cundum
1115 2072 1266 2127 doctrinam
1283 2071 1398 2142 apostoli
1414 2088 1566 2141 annuemus,
1582 2091 1652 2146 qttos
1665 2077 1765 2134 charos

129 2166 207 2224 perpe
223 2155 294 2210 tertii
310 2170 382 2212 antro
392 2159 498 2228 quincto.
971 2163 1111 2227 babemus,
1139 2162 1307 2232 imperialem
1324 2165 1536 2234 magnitudinem
1550 2178 1680 2238 quantum
1697 2181 1763 2243 pos·

474 2274 576 2331 mvn·
970 2265 1064 2305 staruus
1087 2253 1283 2317 etlrortamur,
1301 2259 1331 2305 ut
1353 2252 1418 2306 illud
1433 2256 1615 2324 attendentes,
1639 2263 1710 2330 quod
1735 2261 1763 2316 in

131 2379 182 2434 Η,
219 2384 250 2396 ,,
532 2391 538 2402 ,
580 2391 586 2403 ,
665 2390 671 2402 ,
969 2338 1366 2416 Erartgeliosuottctlemptor
1389 2347 1500 2403 ttumani
1527 2353 1635 2417 perieris
1652 2365 1762 2409 assere·

159 2399 250 2438 ernrrrr
278 2383 457 2441 Buritanorum
483 2404 551 2454 repis
577 2399 747 2445 intentionem
773 2389 866 2446 laudnt
887 2396 919 2447 de

164 2469 228 2519 „m
243 2465 421 2525 mmmmm
437 2457 469 2510 de
494 2457 742 2529 nmowpymmmoe
757 2475 834 2514 mm,
856 2464 918 2515 ‘ab‘
970 2442 1037 2486 rat:
1058 2452 1067 2485 t
1091 2433 1132 2488 Nil
1146 2437 1257 2503 prodest
1282 2437 1399 2501 bomini.
1415 2438 1438 2492 si
1457 2437 1580 2494 lucratur
1602 2442 1763 2498 universum

163 2521 232 2573 sidio
245 2524 369 2577 enitendo
386 2537 410 2578 et
433 2527 462 2578 iu
484 2529 577 2581 trelius
593 2533 769 2596 prutrtooeudo
785 2532 919 2585 rumrumu'
969 2525 1111 2592 utilradum,
1122 2527 1220 2580 attimar
1234 2541 1298 2581 tero
1314 2542 1370 2581 stlte
1394 2526 1587 2585 detrimentum
1610 2534 1757 2600 patiatur-,r

165 2590 334 2660 ’ΜΡΝ
350 2594 508 2649 Citristinnt'.
523 2596 635 2664 ¹19⁰!st
650 2616 712 2652 “¹⁰⁸
724 2604 899 2656 wiliielmi&
970 2615 1007 2668 ita
1033 2615 1143 2668 studeas
1169 2617 1326 2684 tentporaiia
1347 2618 1417 2672 bona
1444 2620 1562 2674 transire
1581 2630 1609 2676 et
1630 2638 1760 2680 exeruere

355 2702 507 2774 (Laterani,
527 2707 612 2775 April.
628 2707 687 2776 st.)
964 2703 1075 2779 ⁸imperii
1092 2715 1252 2775 potestatem
1281 2709 1308 2762 iu
1326 2710 1422 2773 tertis,
1446 2717 1477 2764 ul
1503 2725 1555 2765 non
1580 2715 1692 2770 amittas
1711 2719 1761 2772 sed

165 2791 279 2864 [laert.
296 2794 406 2866 lioperto
434 2796 511 2850 dom.
528 2808 615 2865 peut„
632 2813 658 2868 p.
683 2797 746 2864 900,
764 2812 797 2853 ex
820 2801 881 2856 eod,
968 2797 1056 2863 potius
1082 2795 1197 2851 lucreris
1216 2800 1382 2860 aelerna,ab
1402 2814 1435 2854 cn
1452 2801 1477 2857 iu
1499 2803 1577 2860 eoeiis
1598 2805 1760 2862 indedeiens

380 2866 663 2940 “iiiiiiisiteiifflibi
967 2884 1090 2940 bravium
1112 2889 1300 2957 coriscquaris,
1314 2888 1393 2957 enjus
1407 2891 1552 2960 imperium
1574 2907 1717 2963 perntauet
1731 2900 1757 2953 in

163 2976 329 3037 Citarissirno
355 2980 382 3036 in
408 2981 516 3037 cbristo
549 2981 604 3039 irtio
633 2983 789 3057 ll[eamco]
815 2985 915 3041 illustri
967 2981 1359 3050 (eternum,nuirct'erauon
1387 2984 1611 3055 corruptibilibus
1625 3003 1692 3046 auro
1716 2991 1758 3046 rel

126 3063 311 3126 ttontanornm
339 3072 496 3141 imperatori
511 3082 539 3128 et
562 3090 672 3144 sertrper
695 3077 828 3145 dugrrsto,
842 3078 916 3133 salu·
967 3066 1090 3142 argento,
1104 3070 1247 3129 sedcd'uso
1267 3075 1399 3146 sanguiue
1414 3063 1524 3144 proprio
1537 3093 1624 3148 genus
1642 3082 1758 3138 redemit

129 3172 182 3215 tem
197 3171 223 3216 et
241 3164 418 3232 apostolicam
436 3164 668 3224 benedictionem.
966 3167 1124 3222 lturnamun.
1148 3165 1205 3221 ltoe
1225 3167 1359 3236 siqnidem
1380 3170 1414 3224 ab
1435 3171 1494 3241 ipso
1514 3170 1628 3227 botuino
1647 3173 1756 3230 indubi-

160 3250 236 3305 Licet
248 3268 281 3307 er
296 3256 433 3310 cotrtmuni
446 3257 540 3311 debito
562 3257 702 3311 ltumanus
728 3257 848 3327 pontiicr
865 3258 916 3312 im-
966 3263 1055 3311 tanter
1070 3256 1238 3324 impetrabis,
1251 3258 1274 3311 si
1290 3273 1399 3328 semper
1418 3260 1444 3312 in
1467 3271 1616 3329 conspectu
1634 3272 1679 3317 luo
1691 3275 1754 3319 euro

124 3357 281 3412 peratoreur
305 3346 457 3402 ilomamrm
478 3349 506 3401 iu
533 3350 686 3402 visceribus
706 3350 851 3402 citaritatis
865 3350 914 3400 lra-
965 3347 1120 3416 provideas,
1133 3344 1155 3399 si
1166 3345 1225 3413 ejus
1237 3345 1367 3403 Ecclesia·
1379 3349 1481 3403 illibata
1493 3349 1555 3419 iura
1567 3367 1715 3410 consertes
1727 3366 1756 3412 et

125 3438 191 3491 bere
209 3452 241 3490 ac
269 3437 382 3507 diligere
405 3447 542 3504 tencatur,
564 3453 615 3492 nos
633 3447 723 3491 tamen
747 3452 781 3492 ea
803 3438 913 3506 speciali
965 3437 1064 3505 qinein
1080 3435 1179 3489 divinar
1195 3434 1345 3504 ursicstatis
1358 3436 1489 3494 oliensam
1503 3451 1585 3512 atque
1600 3444 1686 3515 ipsius
1705 3447 1757 3504 Ec·

126 3528 369 3602 [alitectionr],qui
392 3530 565 3599 imperialem
585 3544 714 3585 coronam
730 3530 832 3584 nostris
857 3545 915 3582 itta·
964 3524 1055 3582 ciesiae
1081 3526 1253 3581 rnarriiestatn
1282 3527 1412 3597 iujuriam
1436 3532 1600 3600 praesumpta
1624 3532 1754 3601 iueruu·,

125 3623 205 3677 nibus
224 3623 250 3676 in
277 3623 364 3692 capite
384 3631 432 3677 tuo
457 3621 822 3691 posuimus,excellentiam
840 3633 912 3677 tuam
965 3632 1027 3673 eum
1054 3616 1252 3673 acceleratione
1277 3618 1433 3674 oruuiruoda
1460 3621 1589 3677 entendes
1614 3631 1642 3679 et
1671 3623 1755 3681 iacias

124 3714 275 3782 arnplcrari
291 3717 429 3770 debemus.
451 3714 538 3782 Qunam
554 3717 648 3784 utique
663 3716 753 3785 quoad
773 3715 857 3771 ileum
873 3715 913 3769 iu·
964 3709 1113 3765 emcttdari.
1130 3709 1211 3779 Spem
1223 3711 1318 3782 titique
1332 3710 1432 3770 borram
1454 3715 1526 3768 eirca
1545 3714 1700 3793 ltrrjtrsrrtodi
1720 3719 1753 3774 de
1818 3704 1825 3727 '

124 3808 281 3863 alesinenter
305 3808 577 3880 tuimusamplerati,
600 3809 646 3878 qui
675 3810 790 3863 salutem
817 3810 913 3863 aniutae
964 3800 1097 3870 imperiali
1115 3801 1284 3872 prouidentia
1300 3804 1487 3875 oenmpieutes
1500 3807 1534 3861 ad
1555 3807 1675 3874 pienum,
1689 3810 1754 3866 ticet

125 3911 177 3957 tute
192 3903 293 3958 itttimis
306 3900 449 3957 desideriis
462 3901 616 3971 optarintus
631 3911 657 3956 ot
669 3900 912 3970 optamustleutm
965 3899 1020 3946 lies
1042 3893 1150 3946 mittero
1174 3892 1356 3959 ‘imiimi
1382 3897 1534 3951 'aemilii
1549 3907 1641 3954 ientett
1667 3899 1753 3955 fratre

124 3995 197 4063 quod
208 3992 363 4063 aliquandiu
376 3991 476 4063 stylum
489 3991 536 4045 tibi
559 3992 696 4046 scribendl
710 3991 912 4059 suspendimus,
964 3978 1132 4036 Praettesiitttt
1154 3982 1282 4052 episeopo
1304 3982 1444 4054 [loannei
1464 3987 1606 4043 debilitate
1630 3992 1755 4060 corporis

124 4095 232 4141 tuormn
255 4084 396 4140 bominum
417 4096 639 4139 excessuseansa
655 4081 779 4147 tuentur,
796 4096 912 4151 ortorum
964 4075 1106 4144 impedito.
1119 4074 1232 4128 dilectos
1258 4073 1327 4128 lilius
1352 4085 1469 4154 nostros,
1492 4073 1628 4151 Plateam]
1646 4077 1675 4137 S.
1695 4078 1739 4135 cai

125 4175 274 4231 teineritati
293 4176 356 4246 quia
372 4177 492 4244 potentia
508 4185 619 4229 tuanen
642 4173 752 4239 restitit,
769 4173 848 4226 reriti
860 4173 913 4226 lni-
964 4165 1033 4220 ciliae
1049 4167 1256 4235 presbyterum,
1272 4175 1300 4221 et
1314 4163 1501 4245 G[ratiauuurl
1515 4164 1679 4224 Sanctoruin
1699 4171 1752 4226 Co·

124 4285 184 4324 ritus
214 4284 248 4325 ne
273 4270 424 4325 taratolactls
454 4285 547 4324 eornm
577 4283 734 4324 coriscusns
761 4266 912 4337 imperialis
963 4271 1029 4312 ⁸¹¹⁸ae
1053 4265 1081 4312 et
1101 4255 1381 4311 Duruianidiacouum
1405 4257 1589 4325 cardinalem,
1606 4259 1679 4318 tiras
1699 4265 1752 4317 uti-

122 4360 281 4416 iarorabilis
296 4360 467 4423 accessisset,
481 4367 510 4414 et
527 4374 560 4414 ea
577 4361 610 4415 de
628 4368 675 4414 tuo
693 4359 820 4413 rnandato
833 4354 913 4412 iecis-
928 4355 951 4412 b
965 4363 1019 4418 (tue
1046 4346 1175 4417 provitius
1197 4355 1226 4401 et
1252 4347 1403 4414 disemus,
1425 4347 1454 4404 iu
1476 4348 1601 4404 Ecclesia
1629 4349 1751 4408 bonuaria

121 4462 192 4508 sent.
218 4451 273 4507 Sed
289 4453 352 4520 quia
366 4466 415 4506 cor
438 4451 609 4520 principisiu
634 4463 714 4502 mann
734 4447 781 4502 llei
796 4455 848 4512 est,
864 4445 910 4514 caui
963 4441 1188 4512 precipuos,qui
1211 4439 1312 4494 botrum
1329 4438 1458 4495 Ecclesiae
1468 4453 1501 4494 ae
1522 4441 1628 4511 imperii
1643 4457 1751 4514 semper

120 4556 286 4613 quocunque
305 4539 421 4595 nolucrit
443 4540 526 4594 vertit
543 4539 618 4602 iliud,
643 4548 734 4608 grates
756 4548 819 4592 sunt
843 4536 910 4606 ilessl
962 4531 1101 4595 affectant,
1118 4529 1151 4584 ad
1166 4541 1240 4584 tuam
1255 4529 1427 4600 presentiam
1440 4529 1568 4587 duximus
1588 4533 1622 4588 de
1633 4532 1750 4590 iratrnm

121 4647 217 4703 regum
236 4632 374 4699 copiosius
385 4630 556 4684 exhibendae.
572 4628 628 4683 Sed
653 4628 809 4682 dctutimris
823 4628 911 4682 since·
961 4625 1075 4681 consilio
1094 4622 1285 4687 destinandos,
1304 4622 1332 4676 iu
1351 4637 1446 4678 curum
1469 4623 1615 4680 siddiosius
1631 4642 1679 4682 ore
1701 4643 1750 4696 po-

120 4727 240 4789 titatena,
255 4738 334 4793 quam
346 4737 411 4792 erpa
431 4731 635 4779 ttratremtnam
648 4719 799 4776 itomanam
817 4718 910 4774 Eccie·
960 4728 1145 4785 tacentemque
1170 4728 1204 4769 ea
1229 4722 1307 4784 parte
1330 4724 1422 4769 nostra
1448 4716 1589 4785 principiali
1614 4716 1752 4773 excelien-

119 4819 188 4874 siatn
208 4827 367 4873 constanter
380 4802 509 4874 exbibe're
530 4817 643 4884 teneris,
669 4826 722 4873 tant
739 4815 907 4886 perlitteras
961 4809 1004 4864 tiae
1029 4806 1185 4876 diligentius
1213 4805 1387 4861 intimabunt.
1418 4804 1538 4880 Quorum
1563 4808 1658 4864 serbis
1684 4825 1747 4864 eam

119 4918 194 4978 tuas,
206 4908 339 4966 iratribus
355 4911 457 4966 uostris
482 4910 566 4964 ttrtrlta
590 4909 684 4979 pierias
699 4907 844 4962 devotimte
863 4906 906 4959 di·
960 4900 1039 4954 ssdem
1055 4900 1180 4952 uolumus
1205 4896 1339 4961 adbiberi.
1356 4911 1398 4957 ae,
1410 4897 1434 4952 si
1453 4897 1487 4954 dc
1501 4913 1549 4953 ore
1567 4908 1662 4955 nostro
1677 4916 1748 4970 prar-

119 5015 218 5069 rectas,
245 5018 327 5074 quatu
354 5019 403 5074 pcr
420 5005 522 5074 legatos
545 5002 638 5055 uartltoe
662 4999 858 5070 tmgtritudinls
881 5006 907 5050 te
958 4989 1196 5069 seritialiter‚elato
1212 4987 1336 5046 luissent.
1350 4990 1393 5045 Tu
1414 4992 1545 5057 tero,lili
1568 4994 1745 5059 charisrime,

118 5097 225 5167 plenius
247 5096 348 5150 bebere
370 5095 523 5149 ostendisti.
540 5092 647 5146 Etenim
663 5091 697 5144 de
715 5105 785 5158 pace
808 5102 909 5158 proen·
957 5085 1176 5155 qrrctndunuident
1189 5084 1264 5138 rides
1273 5092 1397 5140 nostrum
1410 5085 1546 5142 silentium
1563 5087 1746 5157 interruptum

119 5189 218 5254 satida,
239 5186 472 5258 ierosolymitanae
493 5194 574 5240 terre
594 5183 716 5238 subsidio
734 5178 905 5254 [arrittetuto],
956 5190 984 5234 et
998 5179 1032 5232 mi
1043 5181 1218 5235 scribendum
1232 5177 1282 5232 tibi
1294 5182 1395 5233 nostre
1409 5180 1596 5247 rueisorgana
1608 5180 1743 5243 relaxata,

119 5292 148 5338 ct
162 5283 189 5337 in
214 5280 310 5336 metius
325 5277 512 5351 promovendo
534 5275 672 5331 cotttmuul
693 5276 765 5330 bono
783 5273 906 5328 uniuersi
956 5273 996 5330 sic
1010 5272 1164 5340 apestolioae
1178 5273 1354 5329 salutationis
1371 5287 1405 5328 ac
1428 5272 1629 5329 benedictionis
1641 5272 1744 5327 irnaris

118 5373 210 5446 populi
225 5370 386 5437 tibristiani,
411 5370 524 5423 terbum
547 5367 687 5422 ttunriliter
701 5367 862 5428 attulerunt,
876 5371 906 5418 ct
956 5366 1074 5436 simpuio,
1088 5375 1119 5420 nt
1140 5367 1170 5420 iu
1184 5375 1210 5422 ts
1233 5367 1353 5423 luctam
1378 5365 1564 5422 desideratum
1581 5367 1701 5423 intartiat
1716 5375 1744 5420 ct

112 5469 207 5535 ¹nisum
219 5476 261 5521 est
275 5463 353 5519 nobis
364 5475 397 5516 ex
422 5459 579 5530 conjectura
597 5458 748 5529 mutiplici,
765 5457 839 5526 quod
858 5464 904 5509 tua
955 5472 1004 5527 pro
1019 5458 1056 5512 tui
1077 5457 1147 5511 ielici
1172 5466 1244 5513 statu
1259 5455 1365 5528 imperii
1384 5464 1466 5526 atque
1480 5456 1667 5513 incolumitate
1679 5471 1744 5526 pcr-

117 5563 151 5618 sit
167 5550 256 5615 linaiis
266 5556 391 5624 intentio,
408 5555 539 5626 quidquid
554 5570 568 5608 a
586 5553 639 5609 tuis
658 5563 749 5609 actum
764 5561 807 5608 est
823 5563 906 5607 enor-
954 5563 1029 5604 sonae
1050 5549 1122 5619 apud
1144 5549 1228 5604 beura
1254 5547 1416 5603 nutrenat'n
1439 5547 1560 5602 Ecclesia
1576 5548 1677 5616 iugiter
1698 5546 1741 5601 it-

118 5656 210 5724 uritcr,
226 5651 405 5711 correctionis
419 5650 510 5707 studio
521 5646 685 5722 propensius
700 5643 859 5711 eruendare,
874 5651 904 5698 et
956 5641 1090 5714 terpellet,
1119 5643 1184 5701 enti
1204 5642 1288 5698 etiarn
1312 5639 1460 5711 imperator
1491 5647 1553 5697 tuns
1575 5653 1685 5712 greum
1703 5637 1741 5712 rad

259 5774 293 5859 'e'
