3756 5994
134 176 202 249 toti

752 187 950 247 cOElEsttut
968 189 1004 245 ΙΙΙ
1023 189 1123 246 PAPAE

1725 193 1774 249 li}

134 319 230 378 preces
255 300 386 359 Ecclesiae
413 301 514 369 dirigat
540 300 568 355 in
590 300 663 356 eiam
684 301 781 358 salutis
804 315 923 359 aeternae.
938 307 961 383 A
979 304 1042 358 tatis
1053 304 1179 359 incursus
1189 304 1475 373 aotoosaproposito
1490 310 1628 368 revocet.
1639 316 1688 360 ant
1699 307 1772 376 mia,

170 398 235 451 llata
259 393 402 459 Laterani,
421 408 436 446 r
459 393 519 448 llal.
538 393 611 460 llaii,
636 392 814 462 pontificatus
835 393 923 448 nostri

133 501 204 541 arana
218 488 324 554 quinto.

470 553 583 609 ccvttt.

132 642 304 714 Prioilegiatn
327 660 375 716 pro
393 645 687 786 mattuaterio)bttcettri
701 645 788 715 (diter.
813 642 923 698 filomu-

475 732 558 769 f'eilm
574 753 580 768 ι

362 806 513 869 (Laterani,
535 803 620 875 April.
636 802 694 874 et.)

184 902 283 977 [linco.
297 899 384 953 Auual
401 897 569 952 f’rieurouat..
587 907 606 950 t.
617 896 648 958 ll.
661 896 754 962 tiron,
766 911 793 967 p.
809 894 867 970 ΙΙ]

167 994 348 1052 Coetnsrmus
369 991 528 1059 episcopus.
542 1004 638 1043 sertus
652 1004 794 1043 serrorum
807 986 866 1053 liei,
880 988 922 1043 ‹tt-

131 1084 211 1141 lectis
228 1086 292 1138 filiis
311 1083 401 1136 illibati
419 1092 446 1135 et
463 1082 610 1137 enan-ennii
637 1079 769 1136 Lucensis
790 1080 920 1147 coentrbii,

131 1173 244 1229 salutem
262 1180 290 1225 et
305 1170 481 1239 apostolicam
501 1169 730 1223 lictteuietionem.

167 1263 346 1318 Saturnsmteta
363 1261 483 1314 Rutiliana
501 1260 622 1314 Ecclesia
635 1261 749 1314 elorotos
764 1269 789 1314 et
805 1259 921 1315 humiles

132 1346 202 1408 ulios
216 1368 248 1406 er
265 1362 380 1407 assitere>
395 1350 504 1417 pietatis
519 1349 608 1405 ollieio
626 1351 787 1420 pangaeusins
808 1350 920 1422 uiligere

130 1442 280 1499 eottsitetit.
297 1450 322 1495 et
337 1457 371 1495 tte
394 1444 538 1510 pratorum
560 1442 700 1495 ltumiuutu
717 1440 850 1497 molestiis
864 1443 921 1512 agi·

131 1543 232 1599 tenue,
249 1546 378 1611 ratiquant
400 1534 442 1601 pia
466 1543 565 1599 taiater,
588 1533 767 1602 protectionis
782 1550 838 1589 snae
859 1550 920 1588 mu·

129 1626 231 1679 nimine
244 1623 399 1704 certiorem.
418 1623 577 1693 llapropter,
588 1622 678 1677 uilecti
693 1623 720 1677 in
738 1623 917 1689 Dounnnfllii,
933 1631 955 1687 lt

127 1716 297 1786 cierationem
310 1731 362 1785 qaia
376 1734 391 1767 ιι
403 1730 466 1785 erga
486 1715 594 1768 beatum
612 1707 721 1769 Petrum
737 1724 764 1769 et
779 1731 828 1770 nos
846 1716 917 1786 ipsos

127 1801 228 1865 haltere
244 1808 447 1880 dignoscimini,
472 1809 657 1873 attetulentes,
674 1821 806 1876 personas
821 1815 848 1861 et
860 1822 918 1861 ttio-

127 1903 277 1956 nasterium
289 1910 417 1962 restrum,
432 1914 493 1951 eum
509 1899 634 1953 omuibus
647 1901 725 1953 bouis
737 1915 797 1970 qttat
811 1901 917 1968 itnprae·

126 1994 274 2048 sentiarum
299 1991 495 2048 rationabiliter
519 1990 721 2058 pessulanum
748 1993 773 2044 iu
795 1988 916 2045 intutum

123 2072 204 2152 iustis
229 2083 327 2145 inatus.
354 2081 407 2137 Deo
432 2079 570 2151 propitio,
588 2081 691 2150 poterit
713 2082 838 2150 adipisci,
866 2083 916 2138 sub

125 2176 197 2231 beau
212 2177 282 2230 Petri
294 2185 322 2231 et
345 2172 437 2230 uos'tra
464 2174 635 2243 protectione
650 2173 814 2243 suscipimus
829 2190 836 2238 ;
855 2189 916 2244 spe-

125 2268 234 2323 cialiter
249 2280 338 2321 autent
362 2266 548 2337 possessiones
568 2273 596 2319 et
610 2258 662 2318 alia
678 2261 748 2319 bona
763 2276 823 2335 qttae
839 2265 916 2320 ltonae

125 2360 263 2413 nteritorim
291 2357 354 2411 Otto
378 2358 432 2409 ilus
459 2358 595 2425 quantulam
623 2355 757 2409 Bnltmnire
783 2365 811 2408 et
830 2355 914 2408 llari-ia

125 2460 215 2504 mater
228 2449 313 2517 ipsius
326 2448 494 2503 munasterio
514 2457 617 2508 restro,
634 2445 684 2514 piae
708 2444 861 2499 devotionis
875 2446 915 2499 in·

124 2541 204 2603 tuito,
219 2540 406 2603 conuitiorum,
419 2541 506 2602 robis,
524 2549 551 2594 et
565 2553 613 2607 per
636 2552 684 2591 eos
705 2537 754 2606 ipsi
776 2538 913 2602 cmitobio,

123 2633 321 2704 sicnteajuste
345 2648 377 2687 ac
400 2632 458 2688 sine
475 2630 664 2686 corttrneersia
685 2627 843 2698 possidetis,
864 2642 914 2680 au·

123 2726 249 2781 ctoritate
266 2725 413 2794 apostoliea
429 2724 624 2778 confirmamus
635 2732 662 2775 et
676 2722 820 2791 praesentis
842 2735 913 2774 sert·

122 2816 160 2884 pti
173 2816 321 2884 patrocinio
337 2816 547 2869 couunnnitmts.
561 2812 630 2867 Nulli
653 2827 718 2880 ergo
741 2812 852 2865 omniuo
866 2811 914 2864 lto·-

123 2903 226 2961 miaum
246 2903 287 2958 fas
302 2905 337 2957 sit
362 2915 494 2969 personas
520 2910 547 2954 et
573 2901 768 2954 ritouasterium
789 2910 911 2955 vestrum

121 2992 164 3048 rel
190 2997 258 3047 bona
277 3003 378 3047 temere
397 2989 557 3061 perturbare
571 3005 618 3043 sen
634 2993 704 3042 itanc
720 2991 847 3059 paginam

121 3098 186 3143 strae
208 3084 388 3155 proter-tinnis
413 3093 441 3136 ot
463 3081 682 3137 confirmationis
698 3081 847 3149 infringere
871 3082 913 3136 rei

121 3175 146 3230 ei
161 3190 228 3230 aitsu
243 3173 388 3229 temerario
401 3172 551 3227 contraire.
565 3171 593 3226 Si
611 3171 672 3240 agitis
692 3183 782 3227 :itatem
799 3173 850 3229 iano
872 3184 912 3228 at·

122 3273 227 3322 tentare
249 3264 467 3336 prasaaapseat,
485 3262 700 3333 indignationem
714 3263 911 3332 omnipotentis

96 3372 99 3379 ·
121 3352 208 3414 ficiet
223 3359 363 3412 beatorum
379 3350 452 3411 Petri
466 3366 494 3412 et
508 3354 583 3409 Petnli
598 3355 782 3426 apostolorum
797 3358 866 3427 ejus,
881 3373 910 3414 sc

119 3449 226 3504 noterit
237 3448 420 3503 incursurum.

156 3532 253 3594 batuam
266 3539 404 3605 Laterani,
420 3552 436 3590 t
451 3526 512 3594 tlat.
526 3535 608 3603 llaii,
624 3536 801 3607 pontificatus
824 3537 909 3594 nostri

108 3639 191 3684 'anuo
206 3629 311 3700 quinto.
467 3695 545 3750 mx

40 3804 44 3821 ·
119 3785 339 3854 compositionem
365 3785 433 3837 iuter
459 3783 615 3837 ileinricutu
639 3785 809 3852 prepositum
833 3785 909 3839 itau-

153 3861 347 3908 meratebeuaeut
362 3872 372 3905 ι
390 3869 413 3906 et
430 3855 541 3906 rtoitlent
555 3858 638 3906 eirtnu
662 3851 819 3923 Catualium
831 3874 909 3924 attper

152 3935 205 3979 atta
214 3927 328 3978 eccleaue
340 3925 371 3980 S.
384 3923 512 3993 Stephani
523 3939 569 3990 per·
582 3926 753 3977 intermittam
767 3925 908 4000 blateratu]

155 3993 304 4065 liupuntnti
330 3993 530 4063 archiepiscopi,
557 3991 709 4048 Suiiueunr
728 3988 853 4065 episcopi,
867 3996 909 4065 [ιι-

153 4075 231 4128 ciunt,
250 4081 261 4116 t
279 4065 430 4133 cottfirutut.

348 4135 499 4227 (Laterani,
520 4157 605 4224 April.
619 4157 678 4229 ii.)

117 4245 351 4320 [itrrmllmerta.
363 4247 480 4316 fififmui
496 4247 533 4300 ait
549 4248 601 4303 boc
616 4248 785 4318 priuilegium
799 4260 907 4306 eastare

154 4321 181 4372 iu
197 4329 272 4385 tergo
284 4319 362 4371 trulla·
374 4316 485 4386 Engertii
504 4316 547 4381 ΙΙΙ,
565 4320 635 4373 atatim
656 4335 702 4372 att.
717 4319 798 4377 1145.
814 4323 858 4374 ilie
869 4324 903 4375 iu
922 4307 943 4360 ⁰

153 4390 254 4443 mensis
282 4386 416 4441 Octobris.
444 4387 523 4458 (l'itlc
549 4384 626 4441 l'utt.
656 4402 676 4442 t.
699 4386 829 4443 CLXXlX
855 4392 905 4444 snb

154 4474 228 4522 ιιιιιιι,
247 4456 303 4525 lit,
319 4471 380 4526 qliae
398 4466 554 4512 assectatur
575 4456 692 4511 lieroltui
709 4473 753 4526 rap.
774 4462 804 4511 li.
822 4459 854 4513 G.
874 4458 904 4515 ΙΙ.

151 4525 353 4596 Ft·teolatuler.]
771 4546 774 4551 ·

472 4613 549 4672 CCX.

116 4707 273 4764 ilonauetii
293 4707 486 4763 floarlaoeeusia
508 4700 616 4761 tutelam
638 4708 763 4778 suscipit,
786 4707 904 4781 initaque

375 4791 398 4832 et
415 4780 477 4848 jurat
493 4779 643 4847 eortfirmut.

344 4870 497 4941 (Laterani,
513 4872 600 4941 April.
615 4870 673 4942 29.)

341 4963 427 5038 [uon.
443 4962 537 5026 Beira,
550 4960 584 5029 ΙΙ,
596 4961 673 5035 5Ι5.]

148 5058 330 5113 Goetesrtnus
343 5057 499 5125 episcopus,
515 5069 610 5110 serras
626 5069 765 5109 sertorum
788 5055 845 5119 liei,
862 5055 902 5108 ili·

112 5147 191 5203 let-us
207 5150 270 5202 liliis
287 5149 417 5203 Ertouout
439 5148 584 5216 preposito
600 5146 800 5201 llansborensis
814 5147 901 5202 eecle-

112 5243 161 5298 siae
174 5240 248 5295 beati
264 5241 401 5296 Pancratii
420 5240 557 5312 trtartytis,
570 5240 682 5309 ejusque
698 5239 829 5294 iratribus
846 5251 899 5293 tatu

113 5335 295 5408 praesetuibus
306 5349 386 5403 qttatn
401 5334 512 5400 futuris,
530 5331 683 5403 regularem
700 5332 781 5386 titum
796 5334 900 5402 proles·

111 5429 149 5484 sis
162 5429 188 5482 in
202 5437 373 5499 perpetuum.

147 5520 310 5589 fungosam
335 5518 417 5573 ritant
443 5517 607 5588 eligentibus
632 5518 809 5586 apostolicum
832 5535 899 5573 eon·

109 5618 184 5666 vetut
198 5614 293 5670 adesse
308 5612 474 5681 presidium,
492 5627 524 5665 ne
540 5611 610 5666 forte
625 5611 768 5679 caajtuliltet
786 5613 896 5689 teritori-

974 394 1048 462 quod
1063 394 1152 448 obsiti
1174 408 1260 448 sacra
1284 394 1423 463 religionis
1447 395 1612 466 infringat.
1628 396 1772 467 Espmpta,

973 482 1069 537 (illecti
1083 484 1109 536 iu
1125 481 1240 538 Domino
1252 484 1312 548 fllii,
1324 484 1426 551 restris
1439 483 1535 552 iustis
1551 487 1774 563 postulaaimiirr

973 575 1128 635 annuimus.
1141 585 1170 630 et
1182 573 1322 645 prefatam
1335 575 1484 632 ecclesiam
1499 576 1706 636 transmeant
1719 598 1773 637 nar·

966 668 1053 737 tyris,
1070 667 1096 721 iu
1119 683 1173 736 qua
1191 668 1282 724 divino
1299 669 1446 739 rnattcipati
1466 669 1545 725 estis
1569 672 1723 741 obsequio.
1735 677 1772 731 ael

973 756 1045 811 beati
1073 755 1148 811 Petri
1181 767 1209 811 et
1232 768 1325 812 nostra
1349 757 1530 828 protectione
1556 759 1773 829 suscipimus

973 848 1116 918 praesentis
1129 849 1223 918 scripti
1239 849 1381 920 priuilegio
1392 849 1640 915 eotarrnutrirnus;
1657 851 1686 906 iu
1696 854 1772 922 punit

972 938 1109 1008 siquitletn
1125 947 1288 1007 statuentes,
1304 948 1334 995 ut
1350 940 1417 994 ortlo
1430 939 1615 1004 canonieus,
1628 943 1679 1012 qui
1694 959 1773 999 secut·

972 1030 1035 1083 utam
1053 1031 1147 1094 boiam,
1164 1040 1192 1085 et
1208 1030 1339 1100 [legulam
1360 1031 1433 1087 beati
1454 1032 1623 1103 Augustini
1645 1034 1675 1089 in
1694 1038 1771 1091 enitere

971 1119 1088 1174 ecclesa
1114 1119 1254 1176 institutus
1274 1135 1334 1177 esse
1352 1121 1549 1191 dignoscitur,
1575 1126 1722 1194 perpetuis
1732 1128 1773 1181 iii·

971 1209 1033 1264 uem
1049 1211 1216 1279 temporibus
1232 1211 1427 1268 inuiolabiliter
1434 1213 1636 1291 observetur.
1650 1216 1772 1273 Praeterea

971 1314 1150 1370 qaaascuamue
1169 1303 1367 1372 possessiones,
1383 1318 1572 1375 caecamque
1598 1306 1677 1363 bona
1693 1310 1773 1363 eale·

972 1393 1087 1448 ecclesia
1101 1394 1349 1463 impraesentiarum
1360 1395 1433 1466 juste
1444 1404 1475 1452 et
1489 1398 1645 1454 canonice
1656 1400 1773 1468 possidet.

971 1496 1018 1539 ant
1039 1485 1065 1540 in
1088 1486 1208 1540 futurum
1231 1487 1408 1542 concessione
1429 1488 1626 1556 pontificum,
1644 1488 1775 1561 largitione

972 1592 1065 1646 regum
1082 1577 1122 1632 rel
1147 1578 1311 1648 principum,
1327 1578 1468 1635 oblatione
1488 1578 1644 1647 fidelium,
1664 1597 1713 1639 seu
1726 1580 1775 1637 ali'e

966 1670 1049 1741 jitstis
1072 1671 1171 1736 mauis,
1193 1680 1339 1739 prestante
1361 1672 1638 1743 boiariampoterit
1659 1676 1774 1746 adipisci.

968 1767 1048 1822 uratia
1074 1766 1151 1821 robis
1181 1764 1334 1834 resti-isque
1363 1767 1591 1823 suecessoribus
1619 1779 1653 1825 et
1683 1772 1774 1827 illibata

967 1865 1153 1928 permaneant.
1172 1856 1200 1911 ln
1222 1856 1320 1925 uatibus
1344 1857 1401 1911 brec
1422 1858 1556 1929 propriis
1579 1860 1717 1917 altisimus
1734 1878 1775 1919 cr·

967 1950 1109 2019 pritncnua
1126 1948 1285 2004 uocabulis:

1004 2042 1153 2097 Ecclesiam
1177 2041 1263 2110 ipsam
1287 2041 1363 2097 licatl
1387 2041 1534 2099 Pancratii
1565 2049 1774 2119 martyrisata

967 2133 1071 2188 ‹iecima
1093 2143 1120 2188 et
1140 2133 1203 2202 jure
1226 2132 1386 2201 parochiali.
1410 2131 1563 2203 Capellam
1585 2137 1620 2191 S.
1638 2137 1774 2194 ittenaee

967 2225 994 2279 in
1015 2225 1110 2278 collem
1135 2223 1194 2277 ioco
1215 2222 1312 2289 sitam;
1333 2222 1451 2293 capellas
1474 2222 1701 2293 Neatclurcbert,
1723 2228 1776 2283 tt:-

967 2317 1100 2384 imperig,
1124 2314 1324 2391 Ger-oltabcrig,
1349 2325 1377 2368 ct
1398 2314 1540 2385 capellana
1575 2318 1615 2395 in·
1636 2318 1772 2376 llonte&

965 2406 1062 2478 egani.
1079 2414 1106 2461 et
1131 2406 1262 2474 capellam
1286 2405 1316 2461 S.
1341 2405 1474 2476 Stepbaui
1503 2416 1732 2484 protomartyris
1748 2414 1772 2468 la

964 2497 1124 2561 praunawe,
1136 2511 1197 2550 cum
1209 2496 1382 2565 pertiuentiis
1395 2511 1499 2553 earum.
1518 2499 1674 2572 Capellam
1689 2503 1771 2559 lloeli·

964 2590 1066 2644 uerit-li
1080 2604 1141 2643 cum
1157 2589 1330 2656 pertiuentiis
1341 2588 1409 2651 suis,
1421 2588 1447 2641 iu
1466 2603 1500 2644 ea
1516 2589 1660 2649 libertate
1681 2596 1708 2648 iu
1721 2608 1768 2663 gos

889 2718 895 2731 .
964 2680 1042 2735 latinae
1061 2680 1199 2735 incanoriac
1215 2678 1391 2747 Ebearltarilus
1414 2677 1643 2751 salzburgensis
1662 2684 1765 2740 arcltie·

964 2775 1093 2843 piscopns
1109 2772 1185 2826 robis
1197 2773 1299 2840 scriptu
1316 2770 1425 2841 proptio
1434 2772 1659 2840 ,raartonabztirer
1671 2778 1755 2839 conii·

965 2868 1066 2930 marim
1084 2875 1113 2919 ut
1129 2864 1258 2919 videlicet
1277 2863 1377 2929 nullus,
1398 2874 1499 2933 praeter
1513 2865 1611 2936 ipsum
1627 2870 1762 2940 areblepi·

863 2967 945 3044 „wc
963 2974 1072 3028 scopum
1083 2968 1111 3012 et
1121 2960 1304 3012 uioeccsanum
1318 2958 1475 3027 episcopam
1489 2967 1519 3015 et
1528 2961 1662 3017 coemi„
1671 2974 1762 3019 mm

965 3049 1149 3119 prepositum,
1164 3047 1266 3116 alitptiil
1287 3048 1385 3103 debeat
1403 3048 1549 3105 ortliuare.
1566 3050 1710 3123 unt-tque
1719 3054 1760 3123 ja·

879 3149 886 3159 “
964 3141 1002 3194 ris
1022 3141 1048 3192 in
1067 3140 1181 3208 capellis
1201 3154 1250 3211 pet·
1263 3154 1437 3210 quascunque
1459 3156 1617 3205 maroneae
1633 3143 1760 3199 urinistc-

964 3232 1075 3287 rialilms
1091 3232 1213 3287 eeclesiae
1231 3245 1328 3289 restrae
1347 3248 1508 3289 curmessuat
1523 3244 1582 3298 ως
1599 3226 1661 3288 ΙΙοι·
1677 3236 1759 3291 eide·

962 3324 1024 3379 licet
1049 3326 1074 3380 in
1098 3325 1215 3381 cottuuio
1230 3324 1471 3381 Cluentsmunster
1490 3326 1516 3381 in
1536 3324 1643 3394 nptta
1665 3324 1757 3383 Noas·

962 3419 1050 3486 paoli,
1075 3417 1102 3472 in
1129 3417 1257 3488 parocbia
1281 3417 1402 3473 Aitltaitn
1426 3426 1456 3473 et
1481 3416 1706 3484 ttetaebiretaen,
1731 3420 1755 3473 itt

962 3509 1090 3579 parocbia
1109 3508 1249 3575 zeidlarn,
1267 3517 1294 3563 et
1315 3509 1342 3562 in
1366 3508 1428 3563 aliis
1446 3508 1474 3564 in
1490 3508 1585 3565 ricino
1597 3509 1644 3566 rel
1659 3512 1687 3566 iu
1702 3512 1756 3567 lou·

961 3601 1063 3670 ginquo
1078 3617 1091 3654 a
1106 3600 1168 3668 jetro
1186 3600 1338 3670 paroclriali
1354 3600 1459 3658 liberis.
1472 3599 1548 3657 siottt
1562 3609 1607 3658 est
1624 3603 1755 3660 bacteuut

961 3693 1150 3758 obseruatum,
1173 3694 1301 3760 praesenti
1328 3692 1403 3748 robis
1425 3693 1522 3762 pagina
1546 3696 1753 3753 coalirtuamae.

961 3784 1118 3839 Terminum
1142 3799 1249 3854 qitotpte
1270 3784 1392 3855 ejusdem
1414 3782 1539 3841 eeclesiae
1562 3783 1593 3841 S.
1615 3785 1753 3845 Pancratil

959 3873 1187 3942 queiraaumoumn
1217 3874 1367 3929 recolendae
1396 3873 1536 3930 memoria
1559 3872 1752 3941 lleinrieurll.

960 3966 1108 4034 imperator
1123 3965 1238 4023 llotuaui
1259 3966 1365 4037 imperii
1382 3980 1443 4021 cum
1460 3966 1599 4039 episcopis
1614 3972 1690 4039 suis,
1703 3972 1753 4029 scl-

960 4056 1025 4111 licet
1046 4056 1182 4112 liietutaro
1203 4058 1409 4130 archiepiscopo
1432 4058 1647 4133 salzburgensis
1664 4065 1752 4123 Eccle-

959 4148 1019 4212 siae,
1033 4158 1060 4202 et
1080 4147 1218 4217 berngero
1243 4146 1413 4205 Patariensis
1427 4147 1560 4205 Ecclesia·
1570 4152 1714 4223 euriacopo.
1726 4165 1751 4210 et

959 4239 1060 4295 Nieeuo
1076 4239 1250 4295 laodicensis
1265 4238 1393 4297 Ecclesiae
1401 4235 1604 4312 episcopocum
1623 4234 1689 4301 aliis
1705 4260 1747 4301 rut

958 4329 1745 4400 episcopis,duxitprovidestotueudutu,etCltunrauusil,

956 4421 1141 4476 llnmattotutn
1167 4436 1225 4487 rex,
1241 4421 1344 4490 scripto
1364 4437 1413 4476 suo
1430 4422 1590 4479 autltenticn
1601 4427 1695 4481 eitlem
1706 4442 1746 4481 ee·

957 4508 1046 4565 clesiaa
1071 4509 1252 4576 confirmarit,
1280 4510 1454 4580 incipientem
1479 4509 1609 4569 videlicet
1634 4515 1671 4571 tle
1694 4510 1745 4570 Elt-

956 4614 1033 4653 nawe
1045 4615 1130 4669 risque
1141 4598 1352 4665 Griazenserten,
1361 4612 1388 4655 et
1398 4599 1524 4667 fireweu,
1533 4614 1563 4657 et
1575 4602 1741 4679 Ribetapsci,

955 4689 1214 4760 llantwiusbmuca,
1236 4694 1353 4763 qrtointle
1372 4695 1406 4749 ail
1424 4693 1504 4761 lilen;
1530 4696 1660 4767 llaperclr
1679 4716 1742 4771 pito·

953 4797 1007 4852 tpte
1019 4794 1047 4837 et
1060 4783 1265 4855 ll'iwersengett
1278 4796 1305 4841 et
1319 4785 1494 4859 Berclrsteig3
1516 4786 1678 4863 llecltingeu
1694 4804 1742 4845 utt-

954 4890 1007 4944 que
1022 4885 1049 4929 et
1068 4876 1245 4944 flnotiuweu,
1266 4887 1294 4933 et
1313 4877 1424 4950 Langen
1443 4894 1553 4949 quoque
1578 4883 1740 4953 perferinam

953 4971 1088 5023 seautam.
1120 4969 1256 5038 Capellam
1287 4969 1316 5025 S.
1333 4971 1443 5041 Georgii
1472 4974 1621 5045 martyris.
1650 4974 1741 5030 deitate

953 5059 1164 5131 Smtrzegreben
1189 5073 1217 5116 et
1244 5077 1329 5131 nsque
1353 5064 1544 5131 Auuerbaclt3
1571 5066 1673 5123 deinde
1696 5082 1741 5136 per

951 5151 1228 5214 uuelbreeluzberclt,
1240 5152 1338 5207 aleinue
1348 5169 1398 5223 per
1409 5153 1631 5222 Pucbelrirclreu;
1645 5155 1740 5211 deinue

953 5240 979 5295 iu
997 5241 1107 5296 llutuiue
1128 5240 1261 5307 llaetielta,
1278 5241 1348 5296 sicut
1368 5243 1395 5297 in
1410 5244 1531 5315 antiquis
1544 5240 1647 5300 vestris
1661 5246 1741 5317 prist·

951 5332 1029 5401 legib
1044 5333 1211 5395 euntinptttr.
1224 5342 1253 5388 ot
1266 5348 1351 5402 usque
1366 5336 1399 5388 atl
1413 5335 1469 5391 ltaec
1482 5343 1605 5406 tempora
1617 5332 1740 5391 nontin

950 5426 1137 5493 obseruatum,
1158 5428 1236 5483 robis
1255 5438 1282 5483 et
1302 5427 1388 5482 eidem
1410 5426 1533 5483 ecclesia
1551 5413 1740 5495 toluaaue,et

950 5520 1101 5587 apostoliea
1119 5521 1282 5574 anctoritate
1297 5518 1474 5599 praeeipimuj
1481 5504 1680 5611 brida'lglliter
1693 5519 1740 5574 eir·

950 5611 1068 5665 sertatl.
1576 5612 1583 5619 ⁵
1606 5636 1610 5641 ·
1723 5600 1731 5619 ⁸
