3756 5994
200 262 270 318 ¹135

198 476 355 540 perpetrata
378 463 524 531 iniquitate
544 468 713 530 eognoscat,
730 465 757 511 et
771 470 786 508 a
802 454 985 510 saeratissimo

199 571 314 626 corpore
339 565 366 608 et
391 552 522 623 startgnine
547 549 594 604 liei
618 558 644 603 et
667 546 772 602 Domini
796 545 987 614 lleslentptoris

200 647 285 703 nostri
308 644 372 699 lesu
389 642 489 698 Christi
514 641 602 696 aliena
630 639 694 703 hat,
715 646 797 706 atique
820 635 846 689 iu
865 644 987 690 estreruo

200 737 328 791 exarariue
351 735 449 789 divinar
475 732 569 787 ultioni
594 729 744 797 subjaceat.
763 726 876 780 Cernetis
896 735 985 781 autent

199 829 287 884 eidem
315 826 375 881 loco
399 838 447 879 sua
469 824 530 895 jura
560 821 734 878 servantibus
754 819 789 872 sit
812 832 863 886 pas
880 816 986 871 Domini

200 920 284 975 nostri
298 917 360 972 Jesu
377 914 493 978 Christi,
509 921 641 984 quatenns
655 922 682 965 et
705 909 749 964 bie
778 907 895 962 frutetum
908 907 987 963 bonae

200 1011 315 1065 aetionis
342 1009 510 1080 percipiant,
531 1014 558 1060 et
585 1002 656 1072 apud
686 1001 841 1055 districtum
864 997 985 1069 judicem

199 1101 307 1169 praesidat
321 1109 427 1153 aderuae
441 1099 516 1165 pacis
527 1093 677 1149 investiant.
693 1089 791 1144 alinea.

193 1206 197 1211 ’
237 1186 476 1241 ὓιιιιιιιηο1195.

498 1366 591 1422 Ah'b‘O
612 1367 690 1423 1196.

501 1547 689 1605 ccxxxvttt.

831 242 1028 300 dimicarint
1047 242 1079 296 ill
1098 240 1198 297 PAPAE

199 377 348 447 dignitate,
371 386 500 440 reumque
521 383 551 423 se
572 365 664 421 tlirino
685 362 789 434 judicio
818 362 936 416 existere
951 362 1021 422 dea

1765 237 1836 296 trel

1344 351 1512 408 ccxxxix.

1037 473 1078 525 ild
1089 470 1237 525 ll'ulterrurt
1252 467 1484 536 ilothemnqrusem
1497 464 1744 532 arciriepiseopurrt.
1757 492 1795 504 --
1805 461 1840 518 L't

1071 558 1114 595 eos
1124 549 1239 594 coercent
1251 541 1295 609 qui
1309 537 1432 590 Ecclesia·
1443 550 1566 588 censimus
1578 533 1794 588 contemnebant

1280 625 1433 697 (Laterani,
1448 624 1509 678 ian.
1528 624 1584 690 ti.)

1219 719 1327 791 titana,
1343 716 1459 780 Contuli..
1475 716 1557 781 lth'tt,
1572 715 1650 787 uti]

1073 811 1251 866 Coeeesrmus
1275 809 1438 879 episeopus,
1465 822 1559 862 sertus
1585 819 1737 861 seruorum
1771 807 1837 875 Dei,

1037 903 1185 957 inerrabili
1203 902 1280 955 tratri
1298 899 1511 968 {tornomagensi
1525 899 1745 968 archiepiscopo
1761 901 1838 954 salu·

1037 1004 1091 1050 :eru
1105 1004 1131 1046 et
1145 991 1318 1062 apostolicam
1334 990 1558 1044 benedictionem.

1072 1084 1124 1138 Eos
1135 1081 1180 1150 qui
1196 1088 1290 1136 corutrn
1306 1081 1432 1151 praelatos
1446 1094 1509 1135 suos
1524 1079 1703 1149 strpercilinen
1722 1079 1838 1136 electio·

1038 1175 1080 1227 nis
1103 1183 1256 1241 assumunt,
1281 1182 1307 1226 et
1329 1173 1355 1226 in
1378 1171 1548 1228 contumacia
1566 1173 1766 1242 perdtnantes,
1786 1188 1837 1229 nee

1036 1279 1129 1318 eornm
1156 1265 1317 1319 sententiam
1337 1272 1458 1326 serrant,
1485 1275 1537 1317 nec
1564 1262 1677 1316 monitis
1704 1262 1836 1318 delerant

947 1371 950 1375 ·
1038 1356 1081 1408 rel
1095 1356 1243 1421 rnarrdatis,
1261 1370 1313 1409 non
1335 1355 1424 1409 nrirrus
1446 1351 1584 1408 eredimus
1602 1352 1707 1407 dehere
1729 1355 1834 1423 puniri,

1037 1462 1119 1516 quarn
1143 1448 1303 1503 devotorum
1325 1455 1353 1500 et
1373 1443 1685 1509 lturrrilinmobetlientia
1705 1459 1835 1500 senione·

1037 1535 1091 1589 rari
1109 1535 1199 1599 dehet,
1212 1545 1241 1591 et
1254 1536 1287 1590 ab
1305 1536 1432 1590 omnibns
1448 1537 1545 1590 irretito
1559 1535 1763 1591 commendari.
1775 1535 1835 1592 Nisi

200 1636 883 1704 ,tdtintinnumcantuaniensemarciriepiscopam.
900 1632 987 1686 -De
1037 1626 1108 1679 enim
1134 1626 1260 1691 superbia
1288 1627 1369 1682 luerit
1392 1626 1595 1681 eotttttnracimn
1622 1627 1776 1693 edotrrata,
1805 1637 1833 1685 cl

422 1710 532 1779 nepotiis
549 1708 637 1762 Terroe
652 1705 768 1761 Sanctae.

442 1798 595 1871 (Laterani,
608 1796 670 1851 lan.
690 1796 747 1866 ta.)

375 1889 483 1962 [litam
499 1888 612 1953 Cortcil.,
638 1886 717 1950 xxti,
735 1884 809 1957 ito]

234 1982 412 2039 emissurus
427 1980 580 2048 episeopus,
597 1991 694 2031 servus
708 1991 851 2031 serrorum
864 1977 923 2044 bei,
938 1991 985 2033 ae·

199 2075 314 2128 trerahili
328 2072 405 2127 tratri
420 2069 549 2124 llussnro
560 2067 750 2121 Cantuariensi
764 2067 982 2138 archiepiscopo,

201 2177 229 2220 et
251 2164 406 2234 :apostoticae
421 2162 493 2216 sedis
506 2160 606 2231 legato,
624 2157 739 2212 sulutem
763 2167 790 2213 et
808 2159 983 2229 apostolicam

201 2253 428 2308 benedictionem.

234 2346 272 2398 Ει
301 2353 379 2412 parte
406 2351 450 2395 tna
477 2342 504 2395 in
527 2340 665 2393 audientia
685 2337 736 2393 luit
752 2348 843 2394 nostra
858 2338 982 2409 proposi·

199 2444 266 2497 trttn,
286 2434 358 2502 tqrttrd
372 2431 449 2486 tsrtrlti
465 2439 529 2485 sard
544 2430 570 2483 in
586 2429 694 2500 Anglia,
711 2429 767 2497 qud,
786 2438 814 2483 at
829 2430 981 2498 sepulerum

199 2522 306 2576 botuuini
319 2522 476 2589 visitarent,
490 2531 517 2575 et
533 2519 572 2574 illi
588 2519 680 2574 Terrae
700 2520 806 2574 Sancte
827 2520 853 2574 in
864 2535 916 2590 qua
928 2529 983 2577 ste·

198 2623 290 2670 terunt
311 2615 395 2685 pedes
419 2613 523 2670 Dnrrtinl
543 2612 694 2668 subsidium
719 2622 901 2684 opportunum
916 2629 982 2668 corr·

200 2708 312 2775 ferrent,
327 2719 436 2762 ertteem
452 2704 620 2759 bortrinieam
635 2714 859 2773 assutnpserunt;
876 2713 904 2758 et
917 2704 983 2758 lieet

1001 1705 1022 1758 B
1038 1714 1195 1783 apostolieae
1219 1717 1291 1771 sedis
1317 1717 1480 1773 auctoritate
1497 1717 1641 1785 depressa,
1655 1719 1730 1773 ordo
1744 1720 1834 1774 eet-le·

1035 1805 1164 1860 siastieus
1189 1806 1333 1874 deperibit,
1358 1818 1385 1862 et
1410 1807 1576 1878 quibuslibet
1594 1807 1770 1864 incentivum
1786 1827 1832 1866 ac·

1034 1897 1154 1960 erescit,
1188 1907 1216 1951 et
1243 1898 1356 1952 triatcris
1383 1898 1566 1967 delinquendi.
1591 1900 1632 1951 hd
1657 1900 1830 1956 authentiam

1034 1984 1165 2053 siqnidem
1179 1986 1346 2056 apostolatus
1366 1989 1463 2054 nostri,
1482 2000 1508 2043 te
1532 1987 1716 2058 significante,
1733 2004 1830 2060 perae·

1035 2075 1086 2139 uit,
1099 2078 1169 2146 quod
1184 2093 1245 2132 curn
1260 2079 1390 2147 quosdam
1407 2087 1517 2150 propter
1537 2093 1603 2135 suos
1621 2094 1759 2136 excessus
1783 2097 1829 2135 es·

1033 2167 1291 2224 coumrunicatiouls
1317 2169 1426 2224 riuettlo
1445 2169 1587 2224 innodaris
1599 2177 1627 2224 et
1642 2170 1677 2224 ab
1693 2172 1828 2226 omnihus

1034 2258 1187 2313 demereris
1200 2259 1351 2325 evitandos,
1368 2258 1487 2328 religiosi
1501 2268 1528 2314 et
1543 2259 1588 2313 alii
1604 2260 1718 2327 qtddsrn
1734 2261 1763 2314 in
1781 2268 1826 2315 tua

1033 2348 1145 2403 diaecesi
1171 2351 1325 2417 constituti,
1353 2350 1428 2420 ipsos
1450 2350 1483 2403 atl
1504 2352 1727 2405 eontrrtnaionem
1744 2366 1825 2406 suam

1033 2438 1155 2506 recipere
1168 2453 1236 2492 auso
1253 2449 1397 2494 tetrrerano
1415 2448 1647 2510 praesumpserunt
1662 2451 1691 2495 et
1713 2441 1749 2494 ad
1779 2457 1826 2495 ce-

1033 2524 1209 2582 lebrationem
1222 2528 1370 2584 atlrrrittere
1382 2529 1547 2587 divinornm.
1564 2529 1637 2584 Licet
1649 2537 1742 2585 autent
1757 2531 1826 2587 tales

1033 2615 1092 2686 ipso
1114 2617 1176 2688 jure
1200 2619 1298 2674 uitiatori
1322 2622 1688 2677 sunteseounnunicatione
1704 2623 1823 2690 astricti,

1033 2717 1060 2762 et
1074 2724 1107 2765 ex
1123 2712 1174 2766 hoe
1187 2727 1201 2765 a
1217 2711 1341 2783 eorporis
1354 2721 1382 2768 et
1394 2713 1537 2783 sanguinis
1551 2713 1651 2768 Christi
1668 2715 1822 2784 participas

197 2810 289 2850 uotrrrn
315 2797 419 2865 possint
439 2795 595 2864 perlucere,
627 2805 717 2849 tamen
748 2795 782 2848 alr
806 2796 982 2851 exsecutione
1035 2799 1107 2854 lintre
1140 2800 1242 2866 annoti,
1271 2811 1300 2855 ut
1330 2810 1420 2856 tannen
1445 2802 1525 2858 citius
1550 2802 1718 2874 poeniteant,
1751 2814 1781 2858 et
1807 2819 1821 2858 s

196 2885 314 2947 eirtsdem
330 2898 360 2938 se
375 2883 537 2936 subtrabunt
549 2884 576 2936 in
590 2898 698 2936 suartun
712 2883 863 2950 periculum
875 2886 981 2937 anima·
1032 2889 1090 2943 suis
1110 2891 1301 2959 iniquitatibus
1318 2894 1490 2961 resipiscant,
1508 2894 1559 2949 nisi
1578 2895 1611 2948 ad
1626 2895 1821 2950 commonitio·

197 2989 268 3029 rrrrrr.
285 2972 353 3027 Sunt
371 2971 454 3026 etiam
469 2971 578 3038 quidam
597 2969 661 3039 qui,
680 2971 742 3023 licet
761 2985 870 3024 crucem
886 2985 979 3025 susce·
1031 2992 1092 3030 nem
1121 2989 1193 3031 trram
1215 2995 1264 3035 stra
1287 2980 1424 3037 voluerint
1445 2985 1655 3052 praesumptione
1675 2985 1822 3051 desistere,

195 3068 296 3135 perint,
314 3080 364 3135 pro
379 3070 537 3135 paupertate
552 3070 642 3116 tannen
654 3071 680 3117 et
694 3061 816 3130 corporis
828 3062 977 3128 debilitate,
991 3037 1014 3093 ⁰

194 3158 239 3213 rel
253 3157 305 3213 alia
317 3157 389 3226 justa
404 3169 499 3220 eausa,
515 3155 645 3210 emissum
661 3164 752 3209 tottam
774 3168 827 3208 non
854 3162 978 3222 possunt,

195 3250 268 3306 sieut
290 3247 427 3314 runreun,
450 3246 610 3317 adimplere.
624 3247 724 3302 Verttm
744 3246 805 3314 qnia
822 3244 885 3315 quid
899 3258 979 3312 super

196 3340 239 3397 iris
264 3339 397 3409 agendum
424 3337 460 3393 sit
484 3338 558 3394 circa
582 3352 641 3406 eos,
665 3352 714 3393 nos
729 3336 806 3391 elusit
822 3335 980 3391 [aeternitas

197 3442 242 3486 tua
262 3429 442 3485 consulendos
460 3445 467 3482 :
482 3429 646 3484 auctoritate
668 3426 716 3482 tibi
741 3426 913 3495 praesentium
936 3439 980 3480 re-

195 3521 371 3590 spondemus,
387 3534 436 3589 per
448 3519 597 3588 apostolica
610 3517 710 3587 scripta
727 3516 897 3580 mandantes,
913 3529 977 3585 qua·

197 3622 277 3667 tenus
291 3625 386 3665 omnies
399 3610 472 3673 illos,
486 3610 531 3678 qui
549 3619 639 3662 uotum
655 3607 709 3662 tale
727 3608 885 3673 endseruut,
910 3607 980 3660 sieut

195 3703 297 3754 dictum
309 3709 362 3765 est,
372 3699 509 3755 etadillnd
523 3698 683 3766 explendum
701 3700 816 3768 propriae
835 3705 978 3765 suppetunt

195 3786 349 3849 lacrdtates,
379 3785 431 3840 nisi
460 3798 492 3837 ex
513 3783 586 3852 justa
605 3800 687 3839 eausa
712 3785 909 3855 orrrittendum,
931 3798 979 3839 eos

196 3875 229 3929 ad
240 3876 445 3944 exsequentium
467 3873 538 3944 qnod
560 3873 645 3944 gratis
662 3873 768 3929 rosisse
782 3874 918 3951 dicuntur,
931 3888 979 3942 per

195 3982 338 4024 censuram
351 3965 574 4028 ecelesiasticam,
583 3965 763 4034 appellatione
778 3977 892 4030 remota,
905 3981 979 4020 crtttl·

195 4057 288 4130 pellas.
306 4056 440 4112 Caelestum
458 4055 491 4109 de
510 4054 552 4109 bis
573 4059 618 4123 qul
640 4061 799 4123 paupertate
815 4063 841 4107 et
856 4052 979 4122 corporis

196 4146 346 4209 debilitate,
361 4144 401 4200 tel
417 4143 470 4198 aliu
481 4142 555 4212 justo
567 4143 770 4212 impedimento,
792 4150 884 4196 volum
907 4142 977 4210 qttoti

195 4237 318 4293 emisisse
333 4244 494 4301 noscuntur,
522 4249 575 4287 non
604 4240 728 4301 possunt,
750 4231 821 4286 sieut
840 4216 975 4294 conuenit,

195 4326 360 4392 adimplere;
377 4325 502 4378 voluntas
518 4333 557 4385 ut,
575 4336 635 4375 curn
656 4334 737 4388 super
751 4321 794 4373 his
808 4319 908 4373 ueritas
928 4318 975 4372 tihi
992 4353 1013 4406 D

195 4411 277 4464 ltterlt
300 4411 449 4474 declarata,
476 4408 633 4480 ptunitentia
650 4422 769 4474 congrua
790 4409 828 4458 eis
844 4407 976 4474 ittjuncta,

193 4498 333 4553 licentiam
349 4501 389 4555 eis
411 4498 513 4553 tribuas
540 4495 695 4552 retnaueudi
713 4495 838 4548 :eisdem
863 4494 976 4548 hrrniter

195 4590 405 4659 insinuassent,
424 4603 504 4658 qnam
522 4587 577 4640 eito
591 4584 756 4653 exsequendi
783 4593 874 4638 toturn
897 4599 975 4639 suarm

195 4681 281 4737 libera
298 4680 338 4735 eis
353 4678 434 4734 tuerit
449 4679 576 4733 attributa
595 4676 720 4741 incultas,
742 4676 768 4730 id
789 4676 900 4745 exsequi
916 4676 976 4730 siue

133 4831 135 4835 4
194 4772 326 4826 dilutione
352 4770 441 4841 aliqua
468 4786 520 4825 nou
549 4766 783 4839 postponant.llis
805 4782 879 4835 rere,
908 4781 976 4837 quos
1030 4788 1033 4794 ·

194 4879 243 4933 pro
258 4863 413 4918 inilttnitate
428 4864 549 4933 eorporis
569 4863 618 4917 tibi
644 4861 799 4916 coristiterit
824 4861 974 4916 trullatenuu

194 4953 318 5023 possein
346 4954 453 5024 propria
477 4967 591 5021 persona
621 4961 712 5004 sotrum
735 4965 814 5004 suttm
836 4951 973 5020 prosequi,

195 5058 275 5096 utram
298 5058 440 5113 personatu
468 5043 601 5105 idoneam,
631 5041 671 5095 ael
696 5040 801 5111 plnres,
826 5046 974 5095 seeundum

194 5132 266 5199 quod
291 5131 432 5187 laerrltates
455 5146 548 5186 eorum
577 5132 774 5199 suppetierint,
801 5130 871 5183 ultra
901 5143 975 5183 utare

195 5222 381 5277 trattsnrittant
396 5225 422 5278 in
437 5226 493 5279 suis
504 5223 642 5293 expensis,
667 5237 714 5291 per
726 5238 848 5286 atinent,
862 5222 902 5275 vel
917 5238 973 5276 attt-

195 5311 265 5382 plius
278 5312 355 5381 juxta
378 5322 452 5368 ttrrttn
474 5316 628 5381 arbitrium,
641 5313 740 5369 ibidem
754 5315 780 5367 in
793 5313 857 5368 lesu
871 5312 972 5367 Christi

193 5403 323 5472 obsequio
337 5414 498 5459 speraturas.

231 5492 324 5545 Daltmt
355 5490 491 5551 Laterani,
521 5509 538 5546 n
562 5492 623 5549 idua
640 5492 772 5558 larnuarii,
799 5494 973 5563 pontificatus

106 5590 109 5595 '
177 5582 268 5635 sesni
283 5602 357 5637 nrrrru
379 5597 402 5639 ν.

1030 3076 1056 3119 et
1070 3067 1103 3120 de
1117 3048 1167 3122 h'oc
1181 3070 1253 3135 qnod
1268 3070 1401 3125 haetenus
1422 3081 1591 3127 attentarunt
1602 3075 1821 3135 satisfactionem

1028 3168 1174 3224 eorrqrnam
1196 3156 1342 3223 celtibere;
1359 3166 1387 3211 ut
1407 3173 1454 3212 eos
1475 3160 1584 3213 uinculo
1597 3166 1824 3220 escornnrunica·

1030 3245 1114 3299 tionis
1144 3246 1278 3313 iunmles,
1305 3257 1332 3302 et
1357 3249 1576 3304 corrtunmionem
1601 3251 1824 3311 eeclesiasticam

1031 3336 1197 3399 interdicas,
1223 3337 1334 3391 lberam
1349 3339 1396 3392 tihi
1410 3338 1554 3393 tribuimus
1569 3340 1733 3396 auctoritate
1753 3359 1823 3412 praa-

1030 3426 1158 3490 seutitnn,
1174 3426 1345 3482 facultatem.
1361 3427 1432 3481 Nulli
1446 3444 1524 3500 ergo,
1538 3439 1592 3484 eto.

1067 3515 1162 3570 batum
1180 3514 1316 3586 Laterani,
1329 3516 1418 3573 idibus
1434 3518 1569 3588 larruarii,
1586 3522 1763 3592 pontihratus
1775 3543 1821 3584 no-

1030 3608 1079 3661 stri
1095 3622 1166 3662 anno
1181 3622 1206 3662 r.

1357 3752 1362 3760 .
1379 3723 1478 3778 CCXL.

1028 3829 1133 3882 eilberto
1164 3831 1284 3899 episcopo
1312 3831 1478 3900 l'ercellenai,
1502 3848 1525 3890 et
1550 3837 1639 3890 radiant
1660 3837 1818 3897 Locediensi

1064 3908 1183 3963 rrrrrttdnt,
1204 3904 1252 3952 sub
1268 3903 1442 3959 arrrrtitrmnh's
1456 3923 1530 3970 ttoertn
1544 3909 1702 3959 iraterdicuut
1721 3927 1818 3965 aaronis·

1064 3968 1119 4019 rdis
1135 3968 1163 4020 δ’.
1179 3968 1251 4021 lusti
1277 3986 1308 4023 ne
1335 3986 1426 4026 rorttro
1453 3975 1818 4034 crrrsrntiearumC'lcietrsirmt

1063 4036 1227 4103 priuileqiurn
1250 4039 1421 4106 harpertstbus
1436 4043 1633 4098 Secnsierrsibus
1650 4062 1819 4103 socrnrusnrs

1063 4107 1237 4157 ecclesiastico
1254 4110 1380 4162 tribuant.

1267 4196 1417 4265 (Laterani,
1431 4199 1493 4256 lata
1511 4202 1567 4270 20.)

1116 4281 1255 4354 [Ulciensis
1270 4284 1396 4341 Ecciesiae
1412 4292 1593 4357 chartarium,
1607 4310 1634 4364 p.
1650 4295 1726 4369 tou]

1367 4397 1477 4456 CCXLl.

1028 4478 1156 4564 Gernrdo,
1169 4488 1288 4554 episcopo
1304 4486 1474 4552 Bononiensi,
1487 4492 1614 4554 coneedit,
1631 4494 1653 4546 si
1663 4498 1813 4551 sacerdotes

1062 4562 1230 4607 ecetesterntn
1245 4567 1300 4608 turn
1314 4560 1426 4611 iniretis
1441 4568 1497 4611 tarn
1508 4562 1627 4615 droecesis
1638 4562 1812 4620 bonosaicusrs

1062 4620 1230 4685 decesserint,
1250 4635 1278 4676 ut
1295 4627 1410 4680 nuntietis
1424 4644 1513 4682 eurum
1528 4631 1589 4682 aliis
1607 4636 1753 4687 marsdaadt
1765 4640 1811 4688 irs·

1062 4692 1118 4742 beot
1132 4701 1300 4758 potestaten·

1270 4782 1418 4851 (Laterani,
1430 4785 1491 4840 lan.
1507 4786 1564 4859 at.)

1183 4869 1316 4942 [Satanan
1328 4875 1400 4929 driu.
1416 4875 1487 4942 liuh,
1504 4876 1536 4944 ll,
1549 4893 1578 4943 rr,
1593 4876 1668 4951 l85.]

1060 4961 1238 5018 Coeresrtaos
1252 4964 1405 5034 episcopus,
1420 4980 1515 5022 serrtrs
1536 4984 1676 5024 serrorum
1691 4969 1751 5035 det,
1767 4985 1811 5024 re·

1026 5052 1140 5107 rreratbili
1166 5053 1245 5107 hauri
1261 5053 1390 5109 Centeno
1408 5055 1571 5114 Borrnniensi
1586 5060 1725 5130 episcopo,
1739 5062 1810 5115 salu·

1026 5153 1080 5198 tem
1097 5153 1124 5196 et
1139 5143 1315 5211 apostolicam
1331 5144 1559 5202 benedictionem.

1059 5234 1125 5288 Cum
1145 5235 1171 5287 in
1192 5234 1238 5289 bet
1264 5234 1393 5291 Ecclesiis
1416 5253 1538 5307 personae
1563 5241 1681 5297 debeant
1707 5243 1810 5301 idonea)

1024 5323 1194 5389 unliuari,et
1221 5321 1280 5378 loeo
1306 5327 1495 5381 decedentium
1521 5329 1580 5383 attae
1607 5331 1679 5387 inira
1704 5345 1808 5389 eertum

1026 5418 1140 5477 tempus,
1162 5409 1310 5463 seeundum
1336 5422 1438 5467 statuta
1472 5418 1581 5471 concilii
1618 5418 1809 5478 Lateranensis

1023 5498 1140 5562 institui,
1154 5497 1175 5549 si
1191 5500 1300 5567 qnartdo
1313 5501 1391 5555 aliter
1410 5504 1455 5556 ilat
1469 5509 1586 5573 graviter
1601 5507 1714 5566 ierirtrus
1727 5523 1768 5580 ot,
1781 5521 1810 5568 ιιι

1025 5586 1105 5640 eitius
1117 5588 1279 5658 corrigatur,
1290 5593 1479 5651 auctoritatem
1491 5598 1669 5668 apostolicam
1679 5601 1812 5661 libentius
