3756 5994
126 268 196 323 uss
757 245 954 303 rmaesrrm
973 245 1005 299 ιιι
1024 243 1124 300 rnre
1692 238 1762 297 ,ης

125 382 275 452 dignitate,
297 390 426 444 reamque
448 387 477 428 se
498 368 591 425 dtrtuo
612 366 715 438 jndicio
744 366 862 420 existere
877 365 947 425 dea
1270 353 1438 411 cclxxix.

124 482 281 545 lllsl'llemna
305 469 450 537 iniquitate
471 471 639 534 ⁰⁰L¹¹⁰⁵⁰²¹r
657 468 683 514 0²
697 473 712 512 ³
728 457 912 514 ⁵³⁰f³¹l⁵⁸l¹⁰⁰
964 476 1005 528 Ati
1015 473 1164 528 Woltertnn
1179 469 1410 539 llotlronrnqrurent
1423 465 1671 533 archiepiscopum.
1684 493 1722 505 -
1732 462 1766 518 L¹l

126 575 241 632 corpore
266 569 292 614 et
317 556 448 627 sanguiue
474 553 521 608 liei
544 562 571 608 et
594 550 699 606 Domini
723 549 913 618 Redemptoris
998 561 1041 597 eoa
1051 552 1166 597 coercent
1178 543 1222 610 qni
1236 539 1359 592 scenae
1369 552 1493 589 renarras
1504 534 1721 589 contemnebant

127 652 212 708 nostri
234 649 298 704 Jesn
316 646 416 703 curisti
440 645 528 700 aliena
556 643 621 707 liat,
642 651 724 710 atque
746 639 772 693 iu
792 649 913 693 extremo
1207 627 1360 699 (Laterani,
1374 626 1436 680 ian.
1454 626 1511 691 lb.)

127 741 254 797 examine
277 740 375 794 divinae
401 736 496 793 ultioni
521 733 670 802 subjaceat.
690 730 802 784 Cunctis
822 739 913 783 antem
1145 722 1254 794 illrum,
1269 718 1385 782 Canni..
1401 717 1484 783 llllll,
1499 715 1577 788 6η]

125 835 213 889 eidem
241 832 301 886 luco
326 843 373 884 sua
396 829 457 899 jura
487 824 661 882 servantibus
681 823 715 876 sit
738 836 789 890 par
808 819 912 874 Domini
1000 814 1177 869 Coeessrmns
1202 812 1365 881 episeopus.
1392 824 1486 864 serras
1512 821 1665 863 serrorum
1699 807 1764 875 liei,

127 925 211 980 nostri
224 921 287 977 iesu
304 919 419 982 Christi,
436 925 568 988 quatenns
583 927 608 969 et
632 913 676 968 bic
704 911 821 966 tructam
835 910 913 966 bouae
963 906 1112 960 rrnrrabili
1130 904 1207 958 tratri
1225 902 1437 970 liotlromagensi
1451 901 1673 970 archiepiscopo
1688 904 1764 955 saln-

126 1016 242 1070 actionis
269 1013 436 1084 percipiant,
457 1018 486 1064 ct
512 1006 583 1078 apud
613 1005 768 1059 districtum
791 1001 912 1072 judicem
964 992 1485 1065 tertretapostolicambenedictionem.

126 1106 233 1174 premia
248 1115 354 1157 acernae
368 1103 443 1170 pacis
454 1097 604 1153 inueniant.
620 1093 718 1148 dmen.
998 1087 1051 1140 Eos
1062 1084 1107 1153 qni
1123 1091 1217 1138 contra
1232 1082 1358 1153 praelatos
1373 1096 1436 1137 suos
1451 1081 1631 1151 supercilium
1650 1081 1765 1136 electio·

164 1193 309 1247 mmmm„
324 1190 402 1245 qqp5,
965 1179 1007 1230 nis
1030 1184 1183 1243 assumunt,
1208 1185 1234 1228 et
1256 1175 1282 1228 in
1305 1173 1475 1230 contumacia
1493 1173 1694 1242 perdurantes,
1715 1189 1764 1230 nrc

963 1281 1056 1320 enrurn
1083 1266 1244 1321 sententiam
1264 1274 1385 1328 serrant,
1412 1277 1464 1319 nec
1491 1263 1604 1318 monitis
1633 1263 1764 1319 delerant

874 1375 877 1379 ·
965 1359 1008 1411 rel
1021 1358 1171 1423 mandatis,
1188 1373 1240 1411 nou
1261 1357 1350 1411 minus
1373 1353 1510 1410 credimus
1529 1353 1635 1409 debere
1657 1356 1762 1424 puniri,

497 1491 534 1504 ...
964 1465 1045 1518 quam
1071 1451 1231 1505 ‹lerotornnr
1253 1457 1279 1502 et
1300 1445 1613 1511 lmrnilinmobedientia
1633 1461 1763 1502 remuoe·

429 1551 616 1610 ccxxxvqp,
964 1538 1019 1592 rari
1036 1538 1125 1602 debet,
1140 1549 1168 1593 et
1181 1538 1214 1592 ab
1232 1538 1359 1592 omnibus
1375 1538 1472 1593 merito
1486 1536 1691 1592 commendari.
1704 1535 1762 1593 Nisi

128 1649 168 1701 Ad
182 1648 328 1702 liopertum
342 1645 560 1699 coniurationem
575 1640 810 1708 archiepiscopum.
827 1635 914 1690 -De
964 1629 1036 1682 cuim
1061 1628 1187 1694 snperbia
1215 1629 1296 1684 luerit
1319 1628 1522 1683 contumacium
1549 1629 1704 1694 edoruata,
1733 1638 1761 1686 et

350 1715 459 1783 nepotiir
476 1713 564 1766 Terra
579 1709 695 1765 Sortctoe·
928 1708 949 1761 B
965 1717 1122 1786 apostolicae
1146 1719 1219 1774 sedis
1244 1719 1407 1775 auctor-itote
1424 1719 1568 1787 depressa,
1583 1721 1658 1775 ordo
1672 1721 1761 1775 cerle-

369 1803 522 1876 (Laterani,
536 1800 598 1857 Jau.
618 1799 675 1869 19..)
962 1807 1091 1863 siastieus
1116 1808 1261 1877 deperibit,
1286 1819 1312 1864 et
1337 1809 1504 1880 quibuslibet
1522 1809 1698 1865 incentivum
1713 1827 1760 1867 ac·

302 1892 539 1967 titaneumque,
566 1890 645 1953 XXll,
662 1889 737 1961 filb]
961 1900 1082 1963 crescit,
1115 1909 1144 1953 et
1171 1899 1284 1953 nrateria
1310 1900 1494 1969 drlirtqneudi.
1519 1901 1559 1952 ad
1585 1901 1758 1957 audientiam

161 1987 340 2043 Casessrmus
355 1985 508 2052 episcopus,
524 1995 622 2035 serras
636 1994 778 2035 serrorum
791 1981 850 2047 bei,
866 1995 912 2036 re·
961 1988 1092 2056 siqnidem
1106 1989 1274 2058 apostolatus
1293 1991 1390 2055 nostri,
1410 2000 1435 2044 te
1460 1989 1644 2059 significante,
1661 2005 1758 2061 perre-

127 2079 242 2133 uerabili
256 2077 333 2133 iratri
348 2073 477 2129 ttrreuro
488 2071 677 2125 cantuariensi
692 2070 910 2141 archiepiscopo,
962 2078 1013 2142 uit,
1026 2080 1097 2148 quod
1111 2096 1173 2134 curn
1187 2082 1318 2149 quosdam
1334 2090 1445 2152 propter
1465 2096 1530 2137 snos
1549 2096 1687 2137 excessus
1711 2099 1757 2136 u.

129 2181 156 2225 et
179 2169 334 2239 apostolica
348 2166 421 2221 sedis
434 2164 534 2235 legato,
551 2161 666 2216 salntem
690 2172 717 2216 et
735 2161 911 2232 apostolicam
961 2170 1219 2226 comnmnieationls
1244 2171 1353 2226 rinenlo
1373 2171 1515 2226 innodaris
1527 2179 1555 2224 et
1569 2171 1605 2225 ab
1621 2173 1755 2227 omniane

129 2258 356 2313 benedictionem.
961 2261 1115 2315 decreveris
1128 2261 1279 2327 evitandus,
1295 2261 1415 2330 religiosi
1428 2270 1456 2316 et
1470 2261 1516 2315 alii
1532 2261 1646 2329 nitidant
1661 2262 1691 2315 in
1710 2270 1754 2316 tua

162 2351 200 2403 Et
229 2357 308 2416 parte
334 2356 379 2399 ttttt
405 2346 431 2398 itt
454 2344 593 2397 arrdientia
613 2342 664 2396 init
679 2352 771 2397 nostra
786 2341 910 2413 proposi·
961 2351 1072 2405 diocesi
1099 2352 1253 2418 constituti,
1281 2352 1356 2422 ipsos
1378 2351 1411 2405 ad
1431 2353 1655 2406 conrnumiouem
1672 2368 1754 2407 snam

127 2448 195 2501 tum,
214 2439 286 2507 qnod
300 2435 376 2491 multi
393 2434 497 2489 suntin
514 2433 622 2503 Augila,
638 2432 695 2501 qni,
714 2443 742 2487 nt
757 2433 909 2501 sepulerum
961 2440 1082 2509 recipere
1096 2456 1163 2494 arrsn
1181 2450 1325 2496 temerario
1342 2449 1574 2512 praesumpserunt
1590 2452 1619 2496 et
1641 2442 1677 2495 nd
1707 2458 1754 2496 ce-

127 2527 234 2581 Dorniui
247 2527 404 2593 visitarent,
418 2535 445 2580 et
461 2523 500 2578 illi
516 2523 608 2578 Terrae
628 2524 734 2578 Sancta
755 2524 781 2577 in
792 2538 844 2593 qna
856 2532 910 2580 stc·
960 2528 1137 2585 lebrationeur
1150 2529 1298 2586 adrnittere
1310 2531 1475 2588 dtrtnomm.
1492 2530 1566 2584 Licet
1576 2541 1670 2587 autem
1685 2532 1753 2587 tales

126 2628 218 2676 terunt
239 2621 323 2690 pedes
347 2618 451 2673 Domini
471 2615 622 2672 subsidium
647 2625 829 2686 opportunum
844 2632 910 2671 cort·
961 2618 1019 2689 ipso
1042 2620 1104 2691 jure
1128 2621 1226 2676 minori
1250 2631 1312 2677 sunt
1327 2624 1616 2678 excommunicatione
1632 2624 1751 2691 astricti,

128 2712 240 2780 terrent,
255 2725 364 2767 crucem
380 2708 547 2763 borninicnm
562 2717 787 2777 assmupscrnnt3
804 2717 832 2762 et
845 2706 910 2762 lieet
961 2721 988 2765 et
1002 2727 1035 2767 ex
1051 2714 1102 2768 lroc
1115 2728 1129 2767 a
1144 2714 1269 2785 corporis
1282 2723 1310 2769 et
1321 2715 1464 2784 sanguinis
1479 2714 1578 2769 Clrrirti
1596 2716 1750 2784 participa·

126 2814 217 2855 rorum
243 2802 346 2869 possint
368 2799 523 2868 perticere,
555 2809 645 2852 tamen
676 2799 710 2851 alr
734 2798 911 2853 exsecutione
962 2801 1035 2856 tione
1068 2803 1170 2868 aurati,
1199 2811 1228 2857 ut
1258 2813 1348 2857 tamen
1373 2804 1453 2858 citius
1478 2803 1646 2874 poeniteant,
1679 2815 1709 2858 et
1736 2820 1750 2859 a

124 2890 242 2952 cirrsdem
258 2902 288 2942 se
303 2888 466 2942 subtrabunt
478 2887 504 2939 iu
518 2901 626 2940 suarum
640 2887 791 2954 pericnlum
803 2889 909 2940 anima·
960 2892 1018 2945 suis
1038 2893 1229 2960 iniquitatibus
1246 2895 1418 2963 resipiscant,
1436 2896 1488 2950 nisi
1506 2896 1539 2949 ad
1554 2895 1749 2950 commonitio·

126 2992 196 3033 ruut.
213 2976 282 3032 Sunt
299 2975 382 3030 ctiam
397 2975 506 3042 qnidam
525 2974 590 3043 qni,
609 2975 671 3028 licet
689 2987 798 3027 crucem
814 2988 907 3028 susce·
960 2994 1020 3033 nem
1049 2991 1121 3033 tunm
1143 2997 1192 3037 suo
1216 2983 1352 3039 voluerint
1373 2986 1583 3053 praesumptione
1604 2985 1750 3051 desistere,

124 3073 224 3140 perlat,
242 3085 292 3140 pro
307 3076 465 3139 paupertate
481 3075 570 3120 tannen
582 3074 609 3121 et
622 3065 744 3134 corporis
757 3066 905 3130 debilitate,
919 3040 942 3096 ⁰
957 3078 984 3121 et
998 3070 1031 3122 de
1045 3050 1095 3124 b'oc
1109 3072 1181 3137 quod
1196 3072 1329 3128 lractenus
1350 3057 1524 3128 attentarunt
1531 3076 1750 3133 satisfactionem

123 3163 168 3218 rel
181 3162 233 3218 alia
245 3162 317 3232 justa
333 3174 428 3224 cansa,
444 3159 573 3215 emissum
589 3167 680 3212 rutum
702 3171 755 3212 non
782 3163 906 3225 possunt,
956 3171 1102 3226 congruam
1124 3158 1270 3225 relabere,
1287 3169 1316 3213 ut
1335 3174 1382 3214 eos
1403 3161 1512 3215 rincnlo
1526 3166 1752 3220 exconnnunica·

124 3255 196 3311 sicot
215 3251 356 3319 convenit,
379 3251 538 3322 adimplere.
553 3251 652 3306 Verum
672 3249 734 3318 quia
750 3247 814 3318 qnid
828 3261 907 3315 super
958 3248 1042 3302 tionis
1072 3249 1206 3315 innrnles,
1233 3259 1260 3304 et
1285 3250 1505 3306 cornmnnioncm
1530 3251 1753 3312 ecclesiasticen

124 3345 167 3402 bis
193 3344 325 3414 agendum
352 3342 389 3397 sit
413 3342 486 3399 circa
510 3356 570 3410 eos,
594 3356 643 3396 nos
657 3340 734 3394 duait
749 3338 908 3394 fraternitas
959 3339 1125 3401 interdicas,
1151 3338 1262 3393 lberam
1277 3341 1324 3394 tibi
1339 3339 1483 3394 tribuimus
1497 3341 1662 3397 anctoritate
1681 3359 1751 3412 pra·

425 1372 518 1427 ndito
539 1371 618 1427 libb.

125 3447 170 3492 tua
191 3433 372 3490 consulendos
389 3449 395 3486 :
411 3433 574 3488 auctoritate
596 3429 645 3484 tibi
669 3428 842 3499 praesentium
864 3441 909 3483 re·

124 3526 299 3596 spondemus,
316 3538 365 3592 per
377 3523 526 3593 apostolica
539 3520 639 3590 scripta
656 3519 826 3583 mandantes,
842 3533 905 3587 qna·

125 3628 206 3671 tenus
219 3630 315 3670 omues
329 3614 400 3678 illos,
415 3615 460 3683 qui
478 3623 568 3666 rorum
584 3611 637 3666 talc
655 3612 814 3676 ernisernnt,
838 3610 909 3663 sicut

124 3708 226 3760 dietum
237 3714 291 3770 est,
301 3703 438 3760 etodillnd
452 3702 612 3770 explendum
630 3703 744 3771 propria·
763 3708 908 3768 suppetunt

124 3792 278 3854 inanitates,
307 3789 359 3844 alsi
388 3802 421 3841 ox
442 3788 515 3857 justo
534 3804 616 3843 cansa
641 3788 837 3852 omittendum,
860 3801 907 3841 eos

125 3880 158 3935 ad
169 3881 373 3949 exsequendum
396 3877 467 3949 qnod
489 3877 574 3948 pratis
591 3877 697 3933 rorisse
711 3877 847 3955 dicuntur,
859 3891 907 3945 per

123 3987 267 4029 censuram
280 3970 503 4032 ecclesiasticam,
512 3968 693 4038 appellatione
707 3954 822 4033 remota,
834 3983 908 4023 eorn-

125 4063 218 4132 pellas.
235 4061 369 4117 Ceterum
387 4058 420 4114 de
439 4058 481 4113 lris
502 4063 547 4127 qni
569 4065 727 4127 paupertate
744 4066 769 4110 et
785 4055 908 4125 corporis

125 4151 275 4215 debilitate,
290 4149 330 4204 rel
345 4147 399 4202 alio
410 4147 484 4216 justo
496 4146 699 4216 impedimento,
721 4153 813 4199 votnm
836 4145 906 4213 qnod

124 4242 247 4298 emisisse
263 4249 423 4305 uoscnntnr,
451 4253 504 4292 uon
533 4245 656 4305 possunt,
679 4235 751 4290 sieut
769 4219 904 4295 convenit,

124 4331 289 4397 adimplere3
306 4329 431 4382 volumus
447 4337 486 4388 ut,
504 4340 564 4379 cnm
585 4338 666 4392 super
680 4324 723 4376 bis
737 4323 837 4376 veritas
857 4320 904 4375 tibi
921 4356 942 4409 D

125 4416 206 4469 luerit
230 4416 378 4478 declarata,
404 4412 562 4483 preniteutia
579 4425 698 4478 congrua
719 4411 757 4462 eis
773 4410 905 4477 injuncta,

124 4504 262 4558 licentiam
278 4504 318 4560 eis
340 4503 442 4557 tribuas
470 4499 624 4556 renratrendi
642 4499 767 4552 :eisdem
792 4497 905 4551 lrrrniter

125 4595 278 4664 iniungens,
296 4602 334 4656 ut,
353 4607 433 4662 quam
451 4591 506 4644 cito
520 4588 685 4657 exsequendi
712 4596 804 4640 totum
826 4602 904 4642 sunm

124 4686 211 4741 libera
227 4684 268 4739 eis
282 4683 363 4738 luerit
378 4683 504 4737 attributa
525 4680 650 4745 incultas,
672 4679 698 4734 id
718 4679 829 4748 exsequi
846 4679 905 4733 sine

63 4837 65 4840 Α
123 4777 255 4831 dilatione
281 4775 371 4845 aliqua
397 4791 450 4829 non
478 4780 649 4844 postponant.
666 4770 712 4826 llis
735 4784 809 4838 reso,
837 4784 905 4840 qrros
959 4790 963 4797 ⁴

124 4883 172 4939 pro
187 4868 343 4923 inllrmitate
358 4868 478 4937 corporis
498 4866 547 4921 tibi
574 4864 728 4921 constiterit
753 4864 904 4918 nullatenus

124 4971 203 5028 posse
221 4957 248 5012 in
276 4958 384 5028 propria
407 4971 520 5025 persona
551 4964 641 5008 retum
664 4969 744 5008 suum
765 4952 903 5023 prosequi,

125 5063 205 5101 unam
227 5063 370 5117 personam
397 5047 531 5108 idouemn,
560 5044 600 5099 rel
625 5045 731 5115 plures,
756 5049 903 5099 seeundum

124 5137 196 5204 quod
221 5136 361 5191 laerdtates
384 5150 478 5190 eoruur
506 5135 704 5204 suppetierint,
731 5132 801 5187 ulrra
830 5144 904 5185 mare

125 5226 311 5281 trarrsmittant
325 5230 351 5282 in
367 5231 423 5283 suis
434 5227 571 5296 expensis,
597 5241 644 5295 per
656 5241 778 5289 murrum,
791 5224 831 5278 rel
847 5240 903 5278 arrr-

125 5315 195 5386 plins
207 5316 285 5385 juxta
308 5326 382 5372 tuum
403 5320 558 5385 arbitrium,
572 5316 670 5372 ibidem
683 5318 710 5370 in
724 5316 786 5372 Jcsu
801 5315 902 5371 Cirristi

123 5407 254 5476 obsequio
267 5416 428 5463 moraturas.

161 5496 254 5548 batum
285 5494 420 5554 Laterani.
451 5512 469 5550 n
492 5495 553 5553 idua
570 5496 702 5562 baunarii,
729 5498 903 5567 pontificatus

37 5594 40 5600 '
108 5585 199 5638 trosrt'
213 5605 287 5640 annu
310 5600 333 5641 tt.

959 3429 1086 3493 sentium,
1103 3429 1273 3484 facultatem.
1289 3429 1360 3483 Nulli
1375 3444 1452 3501 ergo,
1467 3441 1521 3486 etc.

996 3518 1090 3572 batum
1108 3516 1245 3587 Laterani,
1258 3519 1347 3575 idibus
1363 3520 1497 3589 ianuarii,
1515 3523 1691 3593 pontisrratns
1703 3543 1749 3584 no·

958 3611 1008 3664 stri
1024 3624 1094 3664 amm
1109 3624 1134 3664 r.

1285 3754 1291 3762 ›
1307 3724 1406 3780 CCXL.

957 3830 1062 3884 iliberto
1092 3833 1213 3900 episcopo
1240 3833 1406 3901 l'erceilcnri,
1430 3850 1454 3891 et
1479 3839 1567 3891 nbbuti
1589 3838 1746 3897 Locrdierrsi

993 3910 1112 3966 trumdut,
1133 3906 1181 3954 rub
1197 3906 1371 3960 ortrttitentatir
1385 3924 1459 3971 rroeno
1473 3910 1630 3960 interdicunt
1650 3927 1747 3965 tiroan-

992 3969 1047 4021 cltir
1063 3970 1091 4022 S.
1108 3970 1179 4023 lusti
1205 3988 1237 4025 ne
1263 3987 1354 4028 rorrtro
1382 3976 1747 4034 rnnmricnrtnnL'trierrtitna

992 4038 1155 4105 priuileqium
1179 4042 1349 4109 barpemtbttr
1364 4044 1561 4099 Securieusibur
1578 4063 1747 4103 socrnrnenrs

992 4110 1166 4159 ecclesiastico
1183 4112 1309 4164 tribuant.

1196 4198 1346 4266 (banterani,
1360 4200 1422 4257 lau.
1440 4203 1496 4270 ab.)

1045 4284 1184 4357 [Ulcieruir
1199 4286 1325 4342 doctertae
1341 4293 1522 4358 L'lturtorinnr,
1536 4311 1562 4365 p.
1576 4296 1654 4370 abta]

1296 4398 1406 4457 CCXLL

957 4481 1086 4566 Ceruario,
1098 4490 1217 4556 episcopo
1233 4488 1403 4553 Bottouierrrt',
1416 4493 1543 4555 concedit,
1559 4495 1582 4547 si
1592 4499 1742 4553 sacerdotes

991 4564 1159 4609 creterrarum
1174 4569 1229 4610 tum
1243 4561 1355 4612 riat'tott's
1370 4569 1426 4612 tarn
1437 4563 1556 4616 dicereris
1567 4562 1741 4621 Bononiensis

991 4622 1159 4687 decesserint,
1179 4637 1207 4679 ut
1225 4628 1339 4681 ntnrtert's
1353 4646 1442 4683 eorum
1457 4632 1518 4683 nlt'ir
1536 4637 1682 4687 murrdunrir
1694 4640 1740 4688 ito·

992 4694 1048 4744 beot
1061 4704 1229 4760 potestatem.

1199 4784 1347 4853 (Laterani,
1359 4785 1420 4842 lan.
1436 4786 1493 4860 27.)

1112 4871 1245 4944 [Sennea
1258 4875 1329 4929 Arm.
1345 4876 1417 4943 llob,
1433 4876 1465 4945 ll,
1478 4893 1507 4943 n,
1523 4877 1597 4952 l85]

990 4963 1167 5020 Coeaasrrnus
1181 4965 1334 5035 episcopus,
1349 4982 1444 5022 scrrns
1465 4984 1605 5024 serrorum
1621 4970 1681 5035 llci,
1696 4985 1740 5024 re·

955 5055 1070 5109 nerabili
1096 5054 1175 5108 fratri
1190 5055 1320 5111 (iraeneo
1337 5056 1501 5115 Burroniensi
1515 5060 1655 5131 episcopo,
1669 5063 1740 5116 salu·

956 5155 1009 5200 torn
1026 5153 1054 5198 ct
1068 5144 1244 5213 apostolicam
1261 5146 1488 5202 benedictionem.

988 5236 1055 5290 Com
1074 5236 1101 5288 in
1122 5236 1167 5291 liei
1194 5235 1322 5292 Ecclesiis
1345 5254 1468 5308 personae
1493 5242 1610 5297 debeant
1637 5243 1739 5301 tdorrero

953 5325 1123 5390 ordinari,ct
1151 5324 1209 5379 lacn
1236 5328 1424 5382 decedentium
1450 5330 1509 5384 aliae
1537 5332 1608 5387 iutra
1634 5344 1737 5389 certum

955 5420 1070 5480 tempus,
1091 5411 1240 5465 seeundum
1266 5423 1368 5468 statuta
1401 5419 1510 5472 concilii
1548 5419 1739 5479 Laterauensis

953 5500 1069 5563 institui,
1083 5499 1105 5551 si
1121 5501 1230 5568 qnando
1243 5502 1321 5557 aliter
1339 5505 1384 5558 liat
1398 5509 1516 5574 graviter
1531 5509 1644 5567 ierimus
1657 5523 1698 5580 ct,
1710 5520 1740 5568 nl

955 5588 1035 5642 cirins
1047 5590 1209 5660 corrigatur,
1220 5594 1408 5652 anctoritatem
1421 5599 1599 5669 apostolicam
1609 5602 1741 5661 libentius
