3756 5994
50 246 56 261 ¹
112 178 179 291 teil
720 212 915 271 ctetascttt
928 212 962 267 ltt
979 209 1079 266 PAPAE
1705 200 1756 257 {pp

111 347 221 421 propria
243 353 272 399 et
290 341 440 395 litterarum
463 349 531 409 qttas
558 331 713 387 detulerunt
726 331 897 385 continentia
913 335 935 390 Α
950 329 1016 392 litio,
1028 325 1119 380 abbati
1139 318 1410 383 tiersuitltetmsensi,
1437 317 1616 373 secundum
1634 315 1755 383 iurisiur-

112 445 287 499 penorarnnr,
313 428 448 500 quoddam
476 436 596 481 castrum
621 423 741 492 ejusdem
765 421 902 489 archiepi-
954 431 1024 469 ariam
1052 420 1196 483 proponat.
1217 411 1272 466 iios
1290 411 1364 465 enim
1387 409 1460 477 ipsis
1476 406 1641 474 jndicibus
1664 408 1693 458 in
1711 408 1757 459 de

111 533 185 600 ‘0095
202 523 365 582 aeecclesiae
386 535 441 574 snae
453 559 462 584 ,
476 518 601 572 Stadium
618 517 744 580 nomine,
763 530 796 571 ac
817 515 902 571 comi·
954 508 1061 562 dentiae
1076 507 1176 560 uirtute
1194 504 1317 559 districte
1329 501 1526 571 percepimus
1543 507 1593 562 nt,
1608 498 1635 551 si
1650 497 1758 566 praelati

111 626 178 676 itam
199 616 371 672 startiensem
389 611 488 678 lrrjrrste
509 607 626 661 detinuit
640 607 834 673 aliqnandmet
858 610 903 662 ad
953 614 1044 654 comes
1065 606 1230 667 pracceptum
1253 604 1377 651 nostram
1406 592 1580 664 neglexerit
1616 590 1757 657 articnplere

113 702 321 767 lirreillietteln
347 701 470 773 propriae
489 698 585 753 satiatis
608 697 758 767 periculam
781 698 903 752 detinere
954 690 1003 758 ipsi
1033 689 1066 742 ad
1091 687 1266 743 ilrcniensem
1292 687 1432 741 ciuitatem
1459 685 1584 752 pariter
1614 683 1759 736 accedente

112 798 263 857 enittendit.
285 790 447 849 construxit
481 790 563 844 ctiam
593 796 713 841 castrum
743 772 841 839 novrum
874 784 901 840 in
953 781 1077 835 eumdem
1100 779 1226 833 comitem
1250 793 1361 834 aesuos
1386 778 1413 830 in
1441 774 1626 842 husjusmodi
1649 789 1758 833 prasino

112 889 279 959 propriaram
293 882 381 951 ipsios
402 880 527 934 ecelesiae
543 879 614 947 apud
630 881 719 932 iocum
741 877 786 946 qni
803 878 904 931 dieitur
953 871 1046 939 ptione
1068 869 1198 931 larrrtores,
1227 865 1594 937 nulliuscoatradictionc
1623 864 1668 917 rel
1689 866 1759 930 appi

114 976 283 1036 llorelirucli,
299 972 326 1025 in
341 984 467 1039 magnum
482 968 604 1035 ejusdcm
621 967 743 1023 eeclesiae
754 966 903 1021 detrimen·
953 959 1054 1014 latione
1067 960 1204 1019 obstante,
1219 957 1327 1012 uirrcuto
1338 957 1669 1015 excommunicationis
1682 968 1760 1009 astura

114 1077 180 1132 turri,
202 1079 265 1120 eum
293 1061 381 1116 nuntii
415 1057 611 1127 aretiiepiscopi
631 1065 659 1112 et
674 1057 759 1126 ipsius
774 1056 903 1112 Ecclesiae
953 1061 1017 1121 gant
1037 1061 1065 1104 et
1082 1051 1236 1105 urrircrsam
1252 1058 1352 1103 terram
1379 1060 1437 1101 suae
1451 1046 1604 1116 potestati
1627 1043 1760 1112 snirjcctm

97 1134 163 1228 ¹pro
176 1151 378 1225 grauarrtinibus
392 1165 453 1218 quae
471 1149 539 1217 ipsis
557 1146 614 1216 juin
629 1148 717 1203 dietus
733 1149 903 1203 comesassl·
954 1140 1101 1209 subjiciant
1135 1139 1324 1194 eeclesiastico
1355 1137 1524 1194 interdicto.
1562 1135 1603 1190 Et
1633 1144 1762 1204 utrampr

114 1252 166 1302 alne
181 1243 324 1305 inferebat,
337 1240 370 1295 ad
392 1241 484 1295 sedem
514 1238 902 1309 essentapostolieamdcsti·
954 1234 1115 1287 seiitcntiam
1145 1231 1262 1301 siugulis
1290 1229 1441 1284 Dominicis
1475 1237 1510 1284 ct
1535 1229 1661 1284 festivis
1687 1229 1763 1284 diebos

115 1334 182 1389 irati.
196 1332 331 1385 Praeterea
351 1343 441 1383 centes
459 1327 517 1396 ipse
538 1327 652 1381 clericos
667 1326 788 1394 ejusdem
813 1329 903 1382 aretii·
954 1324 1046 1378 tandiu
1060 1320 1474 1393 politicenunticntctnuntiari
1493 1319 1616 1375 faciant
1634 1318 1763 1373 irrriotaii·

114 1421 233 1491 episcopi
246 1421 279 1475 ad
297 1419 356 1490 cjtrs
369 1418 501 1490 synodum
513 1420 610 1487 sapius
625 1426 699 1472 relat
718 1419 847 1474 accedere
871 1434 903 1474 ae
954 1415 1016 1468 liter
1038 1413 1247 1475 observandam,
1271 1413 1357 1464 donec
1382 1410 1417 1463 ad
1442 1416 1631 1464 maculatum
1657 1408 1763 1478 praedicti

114 1514 310 1567 ntiuisteriaies
329 1513 388 1579 eins
409 1513 529 1566 ‹tellitnrn
550 1511 575 1565 ei
593 1525 645 1565 nun
671 1513 902 1581 pertnittitserri-
954 1504 1150 1575 uteittepiseopi
1167 1513 1193 1558 et
1215 1502 1344 1557 Ecclesiae
1354 1515 1410 1555 snae
1434 1500 1601 1554 humiliter
1617 1513 1764 1555 ret-erlarii

98 1592 183 1659 vtimu
197 1605 337 1668 extribere,
361 1613 389 1659 et
407 1602 476 1656 atlas
501 1599 686 1671 quatrimnltas
701 1604 813 1672 irritarias
834 1605 858 1659 ei
876 1612 903 1658 et
954 1613 986 1652 ac
1013 1613 1074 1665 ‹prm
1094 1596 1268 1665 praediximus
1296 1591 1409 1660 impleat
1434 1591 1607 1658 uniuersa,
1626 1603 1657 1645 et
1672 1592 1765 1645 firman

99 1681 243 1750 'Ecclesiae
260 1710 381 1750 sunnon
403 1695 504 1748 nictuif
528 1695 659 1762 irrogare.
675 1693 728 1746 Pro
743 1705 820 1763 parte
839 1712 903 1752 uero
918 1667 939 1720 B
954 1698 1063 1758 itraestet
1083 1689 1166 1742 etiam
1183 1687 1348 1750 cautionem,
1367 1682 1440 1752 tl¹¹⁰d
1464 1682 1616 1737 eurndern
1639 1680 1764 1748 militi*

114 1787 268 1856 praescripti
285 1787 395 1841 coriatus
423 1787 538 1841 ulterius
554 1785 625 1837 ultas
643 1796 750 1849 aosrer,
775 1788 905 1857 araptster
953 1795 1063 1849 scopam
1077 1795 1138 1833 erim
1158 1793 1206 1834 sua
1222 1775 1342 1833 Ecclesia
1356 1774 1383 1829 in
1401 1773 1445 1829 lits
1467 1774 1515 1828 rel
1531 1775 1606 1830 aliis
1621 1775 1765 1829 encrnuitcr

114 1880 215 1943 Bruno,
233 1879 355 1948 praelatis
383 1881 529 1932 ttccanoet
557 1876 630 1930 socio
659 1891 717 1938 sno,
743 1891 804 1931 enm
821 1879 905 1947 ipsius
953 1888 1007 1927 iton
1024 1872 1159 1943 gravabit.
1174 1871 1252 1938 Quod
1276 1869 1299 1925 si
1319 1867 1448 1940 proeiatns
1471 1882 1602 1933 coines,
1629 1867 1722 1931 breta,
1741 1874 1764 1919 ut

115 1972 224 2026 contritis
238 1970 378 2025 titterisnd
393 1980 515 2024 nostram
530 1967 697 2021 audientiam
712 1966 784 2022 iilius
796 1971 904 2025 rtoririna
954 1967 1082 2030 diximus,
1099 1965 1272 2021 restitutione
1288 1959 1410 2032 plenaria
1426 1967 1454 2014 et
1477 1958 1516 2015 de
1530 1961 1656 2014 damnis
1672 1976 1705 2012 ac
1728 1958 1765 2010 in·

115 2062 271 2126 destinatis,
297 2061 466 2116 econtrario
487 2061 903 2129 seopposuit,asserensquod
951 2057 1032 2124 litt-iis
1054 2055 1184 2127 irrogatis
1204 2068 1324 2125 congrue
1349 2052 1511 2119 satisfacto,
1541 2043 1654 2105 contra
1686 2052 1764 2121 ipsun

115 2155 178 2205 dnm
196 2166 287 2206 conus
308 2152 408 2220 ipsein
432 2150 658 2221 ierosolymitana
686 2153 904 2223 percprinatione
955 2149 1190 2218 arcliicpiscopum
1207 2156 1233 2201 ct
1258 2145 1407 2202 Ecclesiam
1420 2144 1484 2213 ejtts
1504 2158 1680 2214 proponere
1694 2140 1765 2211 qnid·

116 2255 247 2308 nrarteret,
278 2244 348 2297 idem
370 2243 590 2312 arcnbptseopns
614 2245 712 2299 tarvasit
728 2255 814 2300 terras
833 2244 904 2298 iltius
924 2275 928 2281 ·
953 2256 1034 2308 otram
1048 2239 1173 2303 tonuerit,
1188 2238 1237 2307 ipsi
1252 2238 1364 2292 attdiant
1382 2250 1496 2290 causam
1517 2245 1549 2289 et
1572 2234 1764 2304 eam,jnstitia

115 2337 174 2388 etei
189 2349 221 2388 ac
239 2334 396 2387 ttotninibus
407 2335 464 2387 suis
479 2335 577 2386 dantnu
591 2338 683 2401 grauia
696 2336 834 2403 irrogavit.
846 2336 903 2400 Qua
954 2332 1101 2394 maritante,
1115 2329 1255 2391 decidant,
1267 2327 1402 2383 incientes
1413 2327 1595 2381 alletoritate
1610 2339 1710 2383 nostra
1721 2338 1764 2396 per

116 2426 149 2477 de
172 2437 254 2493 errrrsa
285 2421 354 2475 idem
380 2436 471 2475 comcs
495 2432 554 2490 pust
572 2423 686 2475 reditmu
710 2437 787 2477 suum
811 2437 902 2476 coram
953 2421 1168 2474 ecelesiasticam
1182 2421 1415 2491 censuramquod
1438 2420 1634 2475 decreverint
1655 2421 1764 2474 intiola·

116 2513 213 2567 diiecto
235 2512 289 2565 titio
310 2520 404 2565 nostro
419 2511 526 2575 Ceritio,
544 2511 623 2565 tituto
647 2511 739 2565 Sancti
766 2510 902 2565 Laurentii
954 2511 1045 2565 trititer
1068 2511 1219 2567 obseruari.
1247 2509 1379 2578 Quocirca
1401 2509 1572 2564 discretioni
1592 2521 1697 2566 restrae
1717 2525 1763 2579 per

116 2608 142 2659 in
172 2605 272 2660 Lucina
300 2603 459 2674 presbytero
489 2603 632 2667 cardinali,
659 2613 723 2658 turre
751 2602 903 2672 apostolicae
954 2605 1220 2674 apostolicascripla
1243 2606 1404 2659 mandamus
1426 2612 1453 2658 et
1475 2603 1616 2659 districte
1637 2602 1761 2673 praeeipi-

115 2697 301 2766 sedistepatu,
315 2694 378 2748 dum
393 2694 543 2763 apartibus
561 2693 648 2748 nacte
665 2702 809 2757 remearet,
823 2708 904 2763 snper
955 2713 1026 2761 mus,
1042 2707 1188 2767 qrratcnus,
1217 2695 1239 2751 si
1256 2694 1397 2749 memorati
1423 2691 1531 2763 judices
1551 2708 1647 2762 super
1664 2693 1758 2749 horum

114 2789 157 2842 iris
172 2788 312 2855 proposuit
325 2788 514 2854 ernestionem.
531 2787 581 2853 Qtti
599 2788 707 2854 utrique
722 2787 904 2855 partijndices
956 2789 1132 2844 exsecutione
1149 2787 1241 2856 tepidi,
1257 2787 1329 2855 qtrod
1353 2800 1405 2840 nou
1420 2782 1576 2849 eredimus,
1603 2782 1758 2839 fuerintne!

116 2878 258 2943 delegauit,
289 2892 304 2928 a
332 2878 429 2943 quibus
459 2893 519 2929 curn
554 2877 772 2945 archiepiscopus
806 2877 903 2931 citatus
957 2880 1072 2944 rctrtissi,
1086 2893 1173 2931 rosea
1185 2874 1521 2946 qnaepradixintus,omni
1532 2876 1757 2932 contradictione

115 2966 222 3029 linisset,
246 2965 370 3032 promisit
411 2964 635 3034 compositionem
658 2980 720 3018 eum
746 2965 844 3019 condte
875 2981 938 3061 sec
956 2984 988 3021 ac
1014 2968 1199 3035 appretiatione
1222 2966 1391 3037 postposita,
1417 2963 1596 3019 exsecutioni
1625 2965 1756 3018 nrarrdare

115 3057 252 3110 facturum
268 3055 342 3109 etde
364 3057 406 3110 tiis
429 3055 554 3110 orrnnlius
569 3055 781 3108 satisfactionem
795 3057 818 3108 ci
839 3071 904 3109 con·
957 3059 1069 3112 eunetis.
1082 3057 1149 3112 Etsi
1173 3060 1229 3127 jam
1256 3058 1321 3111 dicti
1339 3055 1447 3125 judices
1471 3069 1562 3124 usqne
1588 3056 1626 3111 ad
1653 3055 1756 3111 fes-trun

115 3163 210 3218 prunus
225 3147 422 3216 impensurum.
440 3146 473 3200 Et
498 3148 538 3200 sie
556 3147 618 3200 latia
640 3146 825 3215 promittendo
854 3163 903 3202 nee

115 3239 148 3291 ad
160 3237 291 3305 judicium
306 3252 400 3292 eorum
423 3237 550 3304 accessit,
573 3252 625 3293 uec
642 3252 702 3307 quae
716 3239 841 3307 promisit
856 3254 904 3293 cu·

115 3327 507 3398 ratituttatenusadimplere.
755 3344 764 3391 l
794 3320 797 3326 ¹

150 3419 285 3475 Caeterum
306 3435 366 3475 cum
380 3422 541 3489 saepedictus
555 3421 903 3491 archiepiscopuseumdem

114 3511 242 3564 contritetn
258 3524 340 3579 super
354 3511 515 3580 quibusdam
539 3511 598 3565 aliis
612 3510 691 3564 vellet
708 3510 903 3581 qrracstioniltus

114 3602 262 3655 corruentia
288 3613 315 3656 et
348 3615 411 3654 eum
444 3600 596 3653 intenderet
631 3597 903 3654 excommunicationi

115 3706 278 3761 supponere,
295 3691 538 3758 cortresipsosuper
554 3688 704 3755 hujusmodi
725 3703 786 3742 eum
802 3689 903 3742 itabens

114 3793 281 3852 suspectum,
295 3779 433 3833 adsedem
448 3779 621 3846 apostolicam
636 3778 789 3846 appellarit,
804 3778 902 3833 iustum

114 3874 186 3930 beati
211 3871 322 3926 'fitornae
341 3869 453 3938 apostoli
481 3871 604 3938 proxime
631 3870 796 3939 praeteritum
811 3871 902 3923 terud-

115 3987 178 4025 num
194 3967 367 4039 appellationi
382 3965 536 4036 praedgens.
549 3965 601 4020 Pro
612 3967 688 4033 cuijus
698 3966 790 4034 utiquc
805 3979 900 4035 prose·

114 4065 221 4119 ctttione
252 4058 392 4131 praefatum
415 4060 510 4113 aditos
543 4058 648 4111 curauit
674 4073 752 4111 suum
776 4059 899 4110 nuntium

113 4155 260 4210 ‹testinare
274 4151 342 4218 Quia
354 4165 419 4205 tero
444 4148 564 4217 ejusdem
588 4148 782 4217 aretiiepiscopi
806 4160 833 4203 et
848 4150 899 4202 Ec·

4 4268 7 4275 ·
102 4247 204 4302 etesiae
216 4259 271 4299 suae
286 4245 460 4313 grauanrina,
473 4241 570 4309 quibus
581 4241 689 4295 assidue
700 4243 897 4310 deprinmntur,

113 4347 208 4393 nostra
220 4337 302 4391 etiam
315 4344 443 4404 reputare
460 4334 600 4395 debemus,
616 4332 728 4401 praelatu
743 4333 835 4386 ceratiti
851 4332 901 4385 sul)
917 4322 938 4376 li

113 4429 335 4486 intertninatione
360 4427 443 4480 diuini
460 4425 553 4494 judieii
578 4425 700 4478 districte
727 4426 903 4492 praecepimus

113 4532 142 4575 nt
159 4520 286 4591 praedicta
315 4517 405 4571 otnttia
422 4530 484 4584 qrrae
501 4516 527 4568 in
555 4513 739 4584 prejudicium
760 4515 843 4581 ipsius
857 4531 901 4568 nr-

113 4609 279 4679 etriupiscopi
303 4615 332 4660 et
353 4603 477 4659 ecclesia
502 4617 557 4655 strae
589 4602 708 4655 detinere
733 4604 900 4669 proponitur,

112 4714 192 4771 prout
208 4702 247 4756 eis
266 4701 299 4753 de
319 4698 381 4767 jure
405 4704 572 4764 competunt,
597 4696 656 4749 sine
684 4694 899 4749 ditticultateson

112 4795 242 4850 ditatione
270 4792 407 4858 restituat,
420 4798 448 4844 et
469 4789 502 4843 de
528 4788 634 4842 daunais
656 4788 736 4842 illatis
753 4801 778 4841 ct
795 4790 900 4858 injuriis

111 4885 265 4940 satisfaciat
283 4891 470 4950 competenter
490 4890 517 4935 et
529 4881 562 4935 ab
576 4894 671 4933 eorum
694 4881 728 4935 dc
743 4889 841 4935 caetero
854 4895 899 4950 pe-

111 4975 186 5029 nitus
208 4973 365 5043 pravatniuo
385 4983 418 5023 ae
445 4970 631 5023 molestatione
665 4970 788 5027 desistat.
817 4969 899 5023 Facta

110 5079 175 5120 uero
190 5062 362 5117 restitutione
372 5068 399 5115 et
412 5074 530 5131 congrue
542 5059 694 5123 saustaero,
720 5072 749 5116 ut
770 5062 897 5126 diximus,

110 5159 145 5210 de
163 5153 269 5220 iniuriis
288 5162 316 5208 et
340 5153 446 5207 damnis
469 5153 504 5207 ab
524 5167 556 5207 eo
573 5153 623 5223 ipsi
636 5154 842 5222 aretiiepiscopo
870 5163 898 5209 et

111 5245 264 5300 commissae
279 5245 329 5298 sibi
349 5245 476 5301 Ecclesiae
495 5245 640 5316 irrogatis,
662 5248 684 5299 si
698 5258 780 5313 snper
793 5260 897 5300 merno-

112 5341 180 5394 ratis
197 5338 320 5394 articulis
346 5339 386 5393 uel
405 5339 467 5393 aitis
490 5348 584 5393 contra
600 5338 688 5404 ipsum
713 5338 897 5405 archiepisco-

112 5447 174 5498 pum
192 5429 233 5484 ret
252 5429 394 5485 eeclesiam
412 5445 488 5484 suam
510 5429 657 5499 ‹piidrpratn
677 5429 784 5483 duxerit
798 5442 896 5498 propo-

114 5526 229 5578 nendum
245 5512 259 5587 ,¹
280 5539 373 5579 curtim
406 5523 603 5576 venerabilibus
632 5522 759 5575 iratribus
783 5521 893 5587 nostris,

105 5614 140 5683 ‚il
180 5626 242 5677 ,··-·t=,*=
253 5618 317 5670 aest
332 5626 358 5668 et
373 5613 576 5685 listraburgensi
595 5613 737 5682 episeopis,
754 5612 895 5693 etpditeeto

955 3150 1039 3203 sancti
1052 3148 1193 3203 iiicttaciis
1209 3163 1302 3201 nitense
1311 3146 1480 3214 Septembris
1489 3147 1613 3215 proxime
1625 3146 1752 3201 futurum

953 3241 1123 3295 satisfacturi
1151 3241 1185 3293 de
1212 3238 1350 3307 apostotici
1376 3237 1506 3308 precepit
1529 3246 1690 3304 contemptu
1712 3236 1752 3290 ad

955 3331 1104 3387 ilotrrnnatn
1126 3331 1279 3386 Ecclesium
1304 3345 1358 3383 tton
1384 3328 1561 3391 accesserint,
1582 3340 1635 3383 vtis
1657 3342 1713 3385 etit
1734 3344 1749 3381 a

953 3427 1010 3478 suis
1023 3424 1129 3490 otticiis,
1142 3422 1303 3476 anctoritate
1323 3421 1426 3476 suffuiti
1443 3419 1616 3491 apostoliea,
1631 3435 1749 3491 suspeu-

954 3517 1035 3579 datis,
1058 3518 1139 3571 trullis·
1167 3514 1264 3570 litteris
1279 3513 1466 3578 obstantibus,
1483 3514 1507 3569 si
1531 3528 1595 3582 quse
1613 3526 1748 3582 apparare·

956 3607 1010 3659 rint
1022 3620 1036 3658 a
1050 3606 1114 3660 sede
1126 3602 1284 3674 apostolica,
1299 3603 1414 3658 istarum
1426 3602 1565 3658 mentione
1575 3604 1632 3657 nori
1642 3602 1747 3663 liabita,

955 3698 1116 3766 impetrata.
1134 3696 1209 3761 Qiiod
1222 3694 1243 3748 si
1264 3710 1359 3749 orrincs
1384 3694 1427 3750 bis
1451 3693 1640 3763 exsequendis
1655 3691 1749 3761 nequii·

954 3787 1048 3840 ueritis
1061 3789 1203 3853 iuteresse,
1216 3788 1268 3842 duo
1285 3797 1403 3840 restrum
1429 3799 1462 3841 ea
1472 3784 1656 3841 nibilominus
1669 3796 1748 3839 exsc-

952 3888 1078 3947 quuutttt.
1118 3947 1121 3953 Ι
1223 3930 1231 3945 ,

988 3968 1083 4024 ilatum
1093 3971 1250 4036 Laterani,r
1264 3967 1461 4033 NonasiIartii,
1469 3966 1649 4038 pontificatus
1661 3967 1747 4027 tteslti

950 4078 1021 4117 aritio
1036 4075 1141 4133 qttarto.

1249 4177 1436 4234 ctltxxltlt.
1497 4222 1506 4235 .

955 4265 1118 4321 finnustcrio
1135 4267 1392 4393 fluiteniroaetocerrfi
1407 4270 1538 4341 capelle!
1554 4268 1687 4327 eddim
1699 4246 1759 4327 Ι·Ι

1312 4354 1364 4393 serr
1379 4374 1388 4393 .

1164 4425 1315 4495 (litterani,
1331 4428 1370 4483 ld.
1386 4426 1500 4499 tiarati.)

1154 4518 1240 4589 [fiori.
1253 4516 1341 4583 Bois..
1356 4517 1401 4587 Vi,
1414 4518 1492 4593 libb]

988 4608 1165 4664 lloetssrtnus
1186 4609 1446 4678 episi-opus,terrua
1466 4624 1610 4667 terttm
1624 4610 1685 4677 liet,
1701 4608 1742 4667 rtl·

953 4700 1030 4754 lectis
1056 4700 1118 4753 tiliis
1137 4702 1280 4756 tlrccsnteo
1303 4700 1394 4781 abbati
1416 4712 1445 4758 et
1464 4702 1610 4759 tnttvettltti
1630 4702 1742 4779 deiici-

953 4793 1094 4856 dentrasta,
1112 4794 1225 4847 sailtrtetu
1241 4803 1268 4848 et
1283 4794 1459 4864 apostolicam
1473 4794 1705 4867 moedictionetts.

988 4887 1168 4939 sacrosancta
1186 4885 1306 4940 tlorrraua
1321 4885 1442 4943 iicetesia
1453 4868 1565 4945 devotos
1575 4894 1607 4945 et
1619 4888 1740 4947 nauiter

952 4977 1022 5030 tilios
1036 4990 1069 5030 et
1084 4985 1198 5031 assuetas
1213 4978 1322 5045 pictatis
1334 4976 1422 5035 edicto
1437 4978 1603 5050 propensius
1622 4978 1738 5053 diligere

952 5067 1103 5131 coarsuetit,
1119 5077 1147 5123 ct
1159 5082 1192 5121 ne
1207 5083 1351 5136 pratorum
1371 5069 1510 5127 hutttiuum
1532 5069 1666 5129 riutestite
1678 5073 1738 5145 api·

951 5166 1108 5223 tentur,cos
1121 5169 1249 5225 toriquam
1263 5159 1405 5224 plantator
1417 5174 1473 5215 suae
1484 5162 1665 5230 protectionis
1677 5181 1739 5219 aaa

950 5248 1053 5303 trintine
1081 5249 1237 5304 currlouere.
1262 5247 1422 5318 iiapropter,
1450 5251 1541 5307 dilecti
1565 5252 1593 5309 iu
1619 5251 1738 5311 Doniine

950 5339 1010 5404 dlii,
1029 5339 1212 5406 devotionem,
1226 5355 1307 5410 qtrarn
1320 5354 1386 5410 erga
1399 5340 1508 5411 beaturp
1522 5341 1670 5399 Petrumet
1688 5360 1738 5401 noa

950 5432 1023 5502 ipsos
1036 5431 1136 5487 trabere
1149 5430 1355 5501 cognoscimini,
1364 5433 1545 5499 attendentes,
1554 5447 1691 5504 personas
1704 5452 1737 5491 nc

949 5523 1143 5576 irianastcrium
1167 5530 1286 5576 restrum
1301 5534 1363 5575 eum
1389 5522 1516 5579 omuibus
1538 5502 1604 5593 qnae·
1623 5524 1737 5601 liupr-e.-

947 5614 1094 5669 sentiurunt
1111 5613 1307 5671 rationabiliter
1320 5613 1475 5685 possidetis,
1488 5626 1534 5671 aut
1557 5615 1587 5673 itt
1607 5598 1742 5697 felttt-tttn}¹
