3756 5994
116 205 182 261 liat
625 202 802 260 epistotae
815 202 859 260 ΕΤ
872 201 1075 268 ealliditate.
1090 231 1123 243 -
1135 203 1192 261 AN.
1206 202 1284 260 ttae.
1673 200 1744 261 {m

152 318 210 389 Ego
226 313 384 390 engen-ins,
402 316 509 374 Sanctae
530 316 621 374 llarisc
636 319 664 374 iu
685 294 795 376 Por'ticu
811 318 941 385 diacmd
989 316 1086 373 batum
1101 318 1238 384 Laterani,
1252 318 1377 376 unaldus
1400 316 1554 385 Februarii,
1571 313 1743 389 pnotllcatus

116 426 169 466 atus
181 410 338 468 cardinalis·
957 410 1042 467 nostri
1057 426 1129 468 anno
1147 412 1253 483 quinto.

151 502 210 574 ligo
232 504 393 575 Gregorius,
408 503 517 560 Sancta
532 501 624 561 llarise
642 501 670 563 iu
685 500 789 567 duuiro
810 501 907 558 diacos
1273 527 1411 586 cmlv·

117 610 170 651 nus
187 595 343 651 cardinalis.

154 687 210 757 ¹33⁰
225 686 384 757 G‘Wm·
399 686 494 744 ⁵²¹¹&
509 686 623 758 cmii*
634 685 668 742 'd
681 683 776 745 Y⁰¹¹¹¹⁰¹
791 698 906 742 ”mum
1035 728 1063 767 atr
1078 722 1242 784 eptrcoputus
1251 715 1293 768 eni
1303 713 1420 768 eeclesiis
1434 714 1663 768 t'rtstt'tttettdorttttt.

116 777 249 834 diaeonus
260 776 417 833 cardinalis.

154 869 210 939 Ego
222 868 358 934 boiarios,
376 868 539 927 Sanctorum
554 865 642 938 Sergii
663 874 691 922 et
702 865 801 925 baccini
816 864 908 925 diaco·
1185 826 1334 899 (ΗΜ
1350 826 1432 884 Μ’·
1448 826 1506 898 η’)
1602 914 1606 923 ,

115 976 170 1017 mn
182 960 342 1016 cudimus·
1046 941 1243 1013 [ΤΙΒᾸΒΜΕΙῘ.
1259 940 1371 997 mmor.
1387 940 1507 1008 'hams’
1525 939 1569 1011 lv,
1584 942 1627 998 ¹8·
1643 939 1654 1014 l

156 1049 212 1119 Ego
226 1048 363 1114 Nicolaos,
376 1047 484 1106 Sancta
499 1048 591 1107 llarirc
609 1047 635 1102 in
655 1045 704 1102 tta
727 1046 793 1103 Lata
816 1042 909 1105 diaco-
994 1053 1175 1115 Coetesrtttns
1201 1051 1370 1120 episcopus,
1398 1067 1496 1109 sertus
1519 1068 1660 1110 serrorum
1685 1053 1745 1119 Dei,

118 1157 172 1197 tttts
186 1139 344 1196 cardinalis.
958 1143 1105 1201 venerabili
1136 1142 1215 1197 lratri
1242 1141 1395 1219 [AEcroro]
1424 1143 1569 1200 Mutinensi
1600 1144 1744 1216 episcopo,

155 1230 211 1302 Ego
229 1227 388 1300 Gregorius,
410 1228 504 1287 Sancti
519 1227 615 1297 angeli
640 1225 910 1287 dacmttmcardina·
959 1229 1077 1286 salutem
1097 1238 1126 1285 ct
1144 1229 1323 1300 apostolicam
1339 1229 1568 1286 benedictionem.

119 1321 164 1378 ige.
994 1321 1061 1380 curn
1077 1323 1112 1376 ad
1124 1319 1293 1376 universalis
1303 1320 1429 1376 Ecclesiae
1444 1324 1567 1391 regimen
1578 1336 1633 1378 uon
1648 1323 1748 1381 nostris

154 1412 212 1483 Ego
239 1412 330 1478 Bobo,
342 1409 436 1465 Sancti
465 1408 607 1469 Tltcodvri
626 1408 757 1467 dlaconus
783 1408 910 1465 cardina·
959 1410 1079 1478 meritis,
1089 1411 1145 1474 scd,
1164 1409 1278 1466 Domino
1294 1408 1468 1478 disponente,
1484 1411 1570 1467 vocati
1585 1413 1689 1480 sinttts,
1706 1413 1748 1469 sic

120 1503 166 1559 lis.
960 1502 995 1562 ad
1008 1516 1056 1563 cas
1069 1511 1168 1557 nostrae
1185 1500 1416 1557 considerationis
1429 1501 1516 1556 aciem
1534 1501 1653 1559 dilatare
1667 1504 1749 1559 debe·

153 1597 251 1654 batum
265 1595 408 1661 Laterani,
418 1609 466 1664 pcr
476 1609 587 1649 uranum
599 1592 687 1652 centii
699 1593 808 1651 sancte
819 1589 910 1653 liuciae
962 1609 1033 1658 mus,
1049 1603 1079 1647 ιιι
1092 1608 1153 1664 qnae
1167 1593 1194 1647 in
1207 1593 1249 1650 eis
1264 1594 1416 1663 contraius
1430 1594 1591 1649 canonicum
1606 1603 1635 1650 et
1646 1609 1748 1664 appro-

120 1686 147 1741 ia
162 1685 262 1742 bathea
279 1686 384 1742 diaconi
409 1683 568 1750 cardinalis,
593 1681 695 1738 domiui
716 1698 794 1755 papae
820 1698 912 1739 carne·
926 1683 949 1738 B
962 1686 1053 1740 batam
1066 1686 1291 1742 consuetudinem
1306 1686 1332 1740 in
1347 1684 1463 1740 lratanm
1480 1693 1507 1740 ot
1521 1685 1749 1757 coepiscoporum

120 1777 229 1843 rarii,r
259 1775 325 1832 ldns.
345 1775 506 1841 Februarii„
529 1773 677 1833 indictione
700 1787 756 1837 atr,
781 1772 910 1828 lttcarna-
960 1783 1116 1832 nostrorum
1133 1775 1322 1846 prejudicium
1341 1785 1531 1842 attentantur,
1545 1776 1687 1846 corrigere
1701 1776 1749 1832 dc·

117 1872 202 1928 tionis
223 1871 370 1930 bominlcae
396 1887 469 1929 auno
491 1869 575 1936 ttae,
604 1867 781 1941 pontificatue
807 1868 909 1926 domini
959 1873 1073 1929 beatum
1083 1883 1111 1930 ct
1121 1875 1148 1930 in
1164 1873 1261 1930 melios
1276 1883 1457 1930 commutare.
1470 1873 1600 1930 Pervenit
1611 1873 1747 1944 siquidem

118 1962 257 2020 Coelestitti
272 1979 348 2041 papae
362 1963 395 2024 ill
408 1980 480 2023 anno
495 1964 602 2034 guinis.
960 1963 994 2017 ad
1008 1976 1057 2018 nos
1074 1979 1107 2018 ea
1121 1972 1214 2019 tenore
1227 1963 1379 2019 litterarum
1393 1977 1464 2035 quas
1484 1961 1624 2018 adsedem
1641 1973 1750 2034 aposto-

957 638 1220 724 [AE‘gidi01epiecopo
1235 641 1381 698 Mutinensi
1395 644 1490 698 asserit
1496 642 1740 712 juscenonicorntn

441 2068 581 2126 ggxgpg,
960 2053 1042 2108 licam
1066 2055 1221 2123 destinasti,
1239 2055 1311 2126 grand
1334 2055 1399 2112 licet
1426 2055 1563 2113 institutio
1583 2056 1749 2114 clericorum

118 2160 215 2218 ΑΜ
237 2159 431 2232 ιοηῃωηὴ
443 2165 563 2217 mmm
588 2178 648 2218 ,m
658 2164 721 2234 μὴ
736 2164 763 2218 g„
788 2163 908 2233 manag,
961 2144 989 2199 itt
1007 2144 1133 2200 ecclesiis
1156 2154 1209 2201 tum
1232 2146 1359 2203 dioecesis
1374 2147 1408 2201 ad
1433 2156 1459 2202 te
1476 2146 1539 2215 jure
1562 2157 1590 2204 et
1604 2157 1751 2203 cousuetu-

154 2231 189 2285 sd
210 2233 399 2286 nunnomrium
423 2233 614 2304 pertinentibus
639 2235 839 2301 procurationes
859 2249 907 2303 po-
959 2234 1024 2289 dine
1037 2235 1172 2305 pertineat
1184 2239 1346 2308 approbata,
1361 2237 1453 2296 dilecti
1477 2237 1526 2293 lilii
1544 2238 1639 2296 Sancti
1653 2237 1708 2295 liti
1721 2249 1751 2298 et

153 2301 233 2359 ’ΨΜ
243 2309 290 2355 ⁰⁸⁸
304 2303 456 2373 'mmm
469 2320 485 2357 ⁰
496 2303 664 2358 ⁸⁶''⁹³⁸⁰'³⁶“⁸
684 2312 798 2372 “W'’
819 2321 829 2356 '
959 2328 994 2383 dc
1008 2325 1128 2384 Baisoria
1142 2329 1386 2402 archipresbyteri,
1407 2339 1470 2399 post
1483 2328 1646 2387 electionem
1661 2340 1750 2396 tuam,

362 2415 514 2490 (Laterani,
533 2415 615 2472 Febr.
633 2416 673 2489 6.)
961 2429 988 2476 te
1007 2419 1094 2476 inscio
1112 2427 1140 2476 ct
1153 2422 1261 2491 penitus
1279 2419 1451 2488 inconsulto,
1473 2421 1632 2493 magistrum
1655 2419 1752 2476 llttrti·
1832 2487 1836 2493 ⁶

223 2507 339 2583 [dilui.
354 2507 439 2579 lottgi
451 2509 539 2579 porrtie
560 2507 701 2576 Cdronir„
717 2509 800 2585 lta]
960 2526 1025 2566 ttnm
1045 2511 1168 2567 ccclesia·
1192 2520 1245 2568 tnae
1266 2513 1453 2583 praepositum,
1473 2523 1501 2569 ct
1525 2515 1655 2586 quosdam
1672 2512 1751 2582 alins,

154 2599 500 2670 Qusrruusepiscnpns,
515 2613 612 2654 sertus
633 2615 774 2657 servornm
794 2603 853 2668 bei,
869 2603 910 2658 dl·
960 2601 1032 2655 sicnt
1045 2602 1159 2667 dicitnr,
1182 2602 1211 2656 in
1232 2603 1382 2658 canonicos
1395 2612 1569 2673 receperunt,
1583 2604 1624 2658 eis
1651 2605 1753 2674 spretis

119 2693 192 2751 lecto
215 2691 271 2746 stlio
294 2691 385 2746 abbati
401 2689 485 2762 Longi
499 2690 606 2754 Pontis,
630 2692 747 2746 salntem
762 2700 910 2764 ctaposto-
959 2698 989 2746 et
1013 2690 1121 2761 penitus
1147 2693 1313 2763 reprobatis,
1337 2709 1386 2766 pro
1401 2696 1499 2766 qttibns
1522 2704 1566 2750 tna
1595 2697 1752 2753 fraternitas

119 2782 202 2839 licata
216 2782 323 2839 benedi
335 2781 447 2837 tionem.
960 2779 1127 2839 intervenire
1150 2794 1309 2850 curaverat,
1320 2795 1348 2840 et
1363 2801 1470 2858 rogare.
1489 2787 1648 2858 Eaproptcr,
1670 2803 1752 2843 tetre·

153 2876 233 2932 -lticet
248 2884 408 2930 cunctarum
429 2874 617 2930 Ecclesiarum
640 2874 720 2931 uobis
737 2889 803 2930 cora
818 2873 909 2930 immi·
959 2872 1053 2929 rabilis
1062 2873 1089 2928 in
1100 2874 1209 2931 Christo
1225 2875 1321 2943 irater,
1333 2877 1387 2932 tuis
1398 2879 1577 2949 petitionibus
1589 2889 1750 2944 anttoentes,

118 2981 183 3030 neat
193 2971 340 3044 generalis,
351 2981 379 3025 ct
393 2985 488 3026 earnm
501 2986 553 3027 nos
563 2978 688 3040 oporteat
699 2968 910 3041 opportunitati·
959 2966 1139 3022 ordinationis
1154 2967 1309 3038 hujusmodi
1327 2969 1353 3024 itt
1366 2969 1504 3040 praedictis
1517 2971 1639 3028 ecclesiis
1650 2980 1677 3029 et
1691 2973 1753 3030 aliis

120 3065 182 3132 bus,
204 3072 336 3136 quantum
361 3079 423 3118 curn
447 3061 561 3118 llomitro
582 3077 727 3134 possumus
742 3035 944 3134 praecanere,C
962 3059 989 3114 ln
1009 3058 1109 3128 quibus
1118 3059 1165 3131 jus
1177 3059 1335 3118 instituendi
1351 3061 1641 3135 habereiignosceris.
1652 3073 1753 3136 practer

120 3161 258 3232 religiosis
279 3168 370 3213 tamen
388 3156 434 3228 tgni
453 3155 569 3212 bordino
581 3155 775 3225 disposuerunt
790 3155 816 3210 iu
835 3151 911 3209 cluu-
963 3157 1037 3205 tuam
1053 3150 1250 3208 conscientiam
1266 3161 1416 3211 attentatas
1430 3156 1542 3212 omnino
1554 3172 1709 3226 cassamus,
1725 3168 1753 3214 ct

120 3253 169 3310 stri
181 3253 289 3309 silentio
301 3251 418 3306 trtilitare
431 3257 457 3305 ct
470 3248 504 3305 ab
515 3247 723 3305 altercationum
739 3246 833 3316 litigiis
847 3259 913 3300 snas
963 3240 1139 3297 decernimos
1153 3257 1208 3299 nott
1227 3250 1330 3300 tenere.
1346 3244 1505 3303 statuentes
1520 3257 1560 3314 ut,
1571 3248 1645 3304 sicut
1660 3250 1688 3304 in
1707 3260 1752 3307 tua

119 3358 247 3402 antotere
267 3342 376 3413 penitus
400 3341 570 3404 voluntates,
588 3336 760 3408 propensiori
775 3335 911 3391 sollicitu-
963 3332 1075 3388 tlioeccsi
1097 3334 1231 3389 bactenus
1249 3342 1291 3392 est
1305 3343 1462 3403 servatum,
1479 3337 1570 3393 trullus
1588 3338 1615 3393 iu
1629 3339 1753 3396 ecclesiis

118 3436 185 3491 dine
207 3435 338 3488 assistere
357 3428 482 3485 volutans
502 3430 685 3492 ctdebcmus,
704 3438 732 3482 ct
753 3440 830 3482 cosa
848 3439 913 3496 pra·
963 3435 1023 3489 quae
1049 3421 1097 3476 tibi
1122 3431 1187 3477 snnt
1212 3422 1367 3479 ditecesana
1390 3422 1451 3495 lege
1476 3427 1631 3495 subjectae,
1654 3438 1753 3499 prater

120 3538 218 3579 rorum
232 3522 371 3578 borninunt
380 3520 513 3577 molestiis
523 3517 675 3575 aeternare
691 3516 733 3571 ild
745 3514 911 3570 audientiam
962 3510 1161 3567 auctoritatem
1180 3520 1253 3566 tuam
1269 3511 1297 3567 in
1322 3512 1452 3569 clericum
1477 3515 1652 3586 admittatur,
1665 3518 1707 3573 rel
1728 3522 1752 3577 si

122 3614 256 3685 siquidem
282 3624 423 3679 nostram,
446 3621 474 3668 te
500 3610 650 3677 rclereatc,
685 3609 810 3680 pervenit
839 3608 913 3678 quod
963 3600 1100 3657 admissus
1123 3600 1218 3671 luerit,
1245 3600 1309 3658 talis
1333 3601 1472 3663 institutio
1497 3603 1600 3662 nnllam
1630 3608 1754 3668 obtineat

121 3704 234 3774 qnidam
250 3709 374 3772 potentes
387 3703 414 3761 in
436 3691 558 3773 grangiis
573 3701 607 3756 ad
627 3710 701 3756 tuttrn
715 3699 911 3754 monasterium
963 3694 1133 3750 lirmitatetu.
1162 3694 1204 3750 lld
1226 3694 1285 3750 haec
1309 3693 1478 3754 fraternitati
1505 3704 1558 3755 toa
1587 3701 1753 3759 auctoritate

121 3796 323 3868 pcrtinentibus
334 3802 508 3866 sumptuosas
526 3790 578 3848 eibi
600 3791 807 3865 procurationes
817 3799 912 3862 postu·
961 3787 1138 3857 presentium
1162 3786 1332 3860 indulgemus
1351 3796 1380 3844 ut
1400 3803 1468 3858 eoa,
1495 3790 1543 3863 qni
1564 3793 1755 3865 possessiones

122 3890 179 3947 lant
194 3887 330 3954 celtiberi,
342 3901 411 3959 quas
426 3900 487 3941 com
505 3883 607 3941 habere
624 3882 717 3950 rellnt,
733 3898 780 3940 res
804 3893 911 3938 vestras
963 3877 1140 3934 ecclesiarum
1151 3880 1365 3937 tutcdimceseos
1381 3889 1484 3937 temere
1496 3880 1608 3963 turbare
1616 3900 1753 3956 pransum·

122 3999 171 4054 per
188 3979 344 4039 violentiam
362 3976 491 4033 aulerunt
507 3975 542 4030 atl
566 3972 730 4033 solutionem
754 3971 912 4045 husjusmodi
962 3970 1078 4041 pserint,
1089 3969 1131 4023 vel
1143 3969 1326 4037 auferre,nisi
1342 3979 1403 4040 post
1417 3971 1516 4028 trinam
1538 3977 1755 4035 admonitionem

123 4085 317 4143 expensorum.
339 4068 393 4127 dlii
417 4069 550 4138 quosdam
567 4065 754 4126 mercenarios
768 4064 802 4119 ad
824 4062 913 4121 serri-
965 4071 1040 4118 tuam
1063 4074 1150 4117 asum
1165 4061 1385 4131 presumptionis
1409 4062 1523 4119 audacia
1539 4065 1669 4121 duxerint
1682 4067 1755 4124 desi·

123 4161 191 4223 tinto
213 4156 371 4213 monasterii
388 4156 426 4212 tui
447 4164 652 4213 commorantes
666 4163 695 4213 et
719 4155 850 4220 aduenas,
865 4151 913 4223 qui
962 4153 1100 4217 siendum,
1116 4151 1396 4208 excommunicationi
1411 4152 1558 4223 subjicias,
1577 4164 1606 4212 ct
1618 4159 1652 4213 ab
1668 4161 1755 4216 otoni·

124 4250 196 4305 rmlla
224 4250 265 4304 cis
286 4257 352 4308 sunt
376 4248 484 4308 ratione
501 4247 618 4320 subjecti
632 4249 745 4321 capiunt
766 4255 794 4302 et
812 4259 914 4317 exspo-
962 4245 1025 4311 bus,
1042 4243 1223 4317 appellatione
1250 4251 1367 4308 remota,
1389 4247 1532 4316 precipias
1556 4250 1664 4307 evitari.

124 4339 201 4407 liant,
217 4351 244 4395 et
256 4339 289 4394 ad
304 4340 458 4396 laciendum
475 4338 516 4396 eis
533 4338 689 4410 homagium
709 4336 828 4394 indebita
843 4351 951 4420 pra-1)
1000 4334 1099 4390 batum
1119 4331 1264 4412 laamraui,
1279 4347 1299 4390 tt
1318 4331 1381 4392 ldos
1404 4335 1557 4408 Februarii,
1580 4343 1755 4413 pontilicatns

123 4432 280 4503 sumptione
295 4431 472 4507 compellunt.
487 4429 615 4486 llolentcs
629 4429 713 4500 igitur
726 4429 800 4499 qnod
820 4442 913 4484 mona-
964 4425 1051 4482 nostri
1065 4438 1138 4482 anno
1150 4425 1256 4495 quinto.

124 4524 238 4578 sterium
262 4532 338 4579 tuum
356 4521 509 4591 ltnjusntodi
536 4521 570 4574 dc
598 4526 701 4574 caetero
722 4518 915 4576 vexationibus
1295 4544 1421 4605 cmv·
1452 4592 1455 4597 ι

124 4613 263 4684 litigetur,
280 4612 407 4683 prasenti
417 4612 517 4681 pagina
540 4611 593 4665 sub
606 4609 828 4667 interminatione
846 4625 914 4667 arta·
1205 4605 1208 4611 ’

126 4703 254 4760 tlrematis
277 4702 444 4770 iuhibemus,
463 4716 496 4757 nc
511 4701 610 4775 aliquis
625 4702 653 4757 iu
671 4701 794 4774 grangiis
815 4715 913 4759 motta·
1326 4744 1400 4792 mm·

125 4794 204 4850 sterii
221 4793 260 4849 tui
272 4802 420 4864 praesumat
436 4792 589 4864 lrnjosmodi
607 4795 815 4864 procurationes
832 4793 911 4851 indc-
1330 4849 1338 4861 ,

124 4885 200 4942 bitae
211 4894 385 4955 extorquere,
403 4884 446 4940 tcl
465 4885 588 4942 bomines
606 4886 641 4941 ad
657 4886 799 4946 servitium
817 4901 915 4945 mona·
1200 4845 1351 4919 ‘mmm'
1373 4847 1455 4904 mr·
1467 4846 1525 4920 ἰδ’)

126 4979 203 5036 sterii
230 4979 269 5035 toi
284 4988 486 5036 commorantes
501 4980 536 5034 ad
556 4981 745 5050 praestandum
759 4979 914 5051 homagium
966 4955 1755 5036 [Eli-dfflllssstlflrclllflfssflldlsll'm·35l¹⁴¹⁶l²2²55·]

127 5072 218 5141 aliqua
242 5072 348 5126 ratione
373 5071 547 5143 compellere,
563 5070 606 5125 tcl
627 5070 662 5125 ab
677 5069 716 5125 cis
741 5084 791 5126 sua
814 5070 915 5143 injuste
999 5073 1183 5133 Cratasrtaus
1210 5075 1364 5148 episcopus,
1390 5091 1488 5134 sertus
1513 5091 1655 5133 servotum
1685 5077 1755 5143 liei,

127 5161 248 5218 anlcrre.
270 5161 340 5216 lt'ulli
359 5177 425 5233 ergo
440 5161 580 5218 lromiantn
598 5159 681 5217 liccat
694 5160 766 5218 hanc
786 5162 915 5231 paginam
969 5165 1077 5223 dilectis
1098 5166 1162 5224 liliis
1176 5166 1327 5234 Gauratoo,
1350 5168 1434 5239 priori
1456 5168 1580 5224 ccclesiae
1592 5167 1689 5225 Sancti
1705 5168 1755 5225 Se·

128 5266 228 5310 nostrae
247 5253 420 5310 inltibitinnis
444 5251 592 5323 inlriogere
611 5251 655 5307 vel
679 5253 704 5309 ei
730 5265 798 5310 ansts
831 5260 918 5308 terne·
968 5258 1068 5330 pulcri,
1093 5259 1207 5330 eiusque
1235 5259 1380 5325 iratribus,
1406 5267 1460 5314 tam
1482 5261 1756 5331 praesentibusquant

130 5349 205 5403 rario
223 5347 375 5405 contraire.
391 5345 420 5402 Si
445 5349 508 5417 quis
522 5356 614 5400 autern
627 5346 679 5404 ltoc
696 5352 835 5403 ancntanc
848 5361 919 5418 prrc·
969 5349 1084 5416 lntnris,
1103 5350 1257 5421 religiosam
1279 5351 1362 5405 vitam
1385 5349 1518 5420 protessis
1532 5350 1560 5406 io
1584 5361 1756 5423 perpetuum.

127 5439 283 5508 surtrpscrit,
295 5438 507 5509 indignationem
527 5436 723 5506 omnipotentis
739 5434 785 5490 bei
813 5447 840 5492 et
853 5439 919 5493 bea·
1005 5440 1117 5508 Quoties
1140 5441 1206 5498 illud
1228 5457 1242 5497 a
1263 5441 1341 5498 uobis
1355 5443 1554 5513 petitur,auod
1581 5445 1705 5514 religioni
1729 5454 1758 5503 ct

130 5538 220 5584 torum
236 5530 309 5585 Petri
320 5537 349 5585 et
372 5527 449 5584 Pauli
472 5529 659 5602 apostolorum
676 5526 736 5597 ejus
750 5544 781 5585 se
809 5530 918 5586 noverit
969 5532 1108 5590 honestati
1137 5535 1260 5590 noscitur
1284 5536 1453 5604 convenire,
1482 5538 1575 5593 animo
1606 5552 1657 5596 nos
1680 5537 1758 5595 decet

129 5618 312 5677 incursurum.
972 5625 1065 5683 libenti
1079 5626 1230 5682 concedere
1242 5636 1270 5681 et
1283 5627 1433 5696 petotttium
1452 5626 1595 5684 desideriis
1606 5645 1758 5703 congruum

964 4651 1141 4728 Prioilegittm
1160 4674 1209 4733 pro
1228 4660 1341 4718 ecclesis
1362 4661 1394 4718 S.
1420 4660 1540 4738 Sepulcri
1563 4663 1756 4734 llieroeolgmi·
