3756 5994
116 286 187 345 1085
581 276 761 334 EPISTOLAE
781 275 826 330 Er
845 270 1051 329 Pllll'lLEGlA.
1068 299 1101 308 -
1119 265 1175 320 ΑΝ.
1194 263 1269 319 tt95.
1684 246 1753 316 1⁰86

116 412 215 460 nostnc
230 399 442 456 eonllrrnationis
457 397 615 466 iufringere,
625 397 666 451 rel
678 397 701 449 ei
712 410 778 449 arrsu
791 403 909 448 temero·
926 395 946 451 Α
962 403 1024 444 euru
1041 383 1216 455 pertinentiis
1230 379 1298 443 suis,
1312 377 1339 431 ln
1355 373 1455 444 quibus
1468 372 1573 429 duabus
1584 390 1634 444 per
1646 389 1695 430 eos
1706 376 1751 444 gui

118 492 310 555 riocoutraire.
320 492 348 544 St
359 491 418 560 nuria
428 497 517 543 autera
529 489 579 542 ltoc
590 495 910 555 attentarepraesnnrpsc·
961 478 998 533 ibi
1016 477 1116 531 luerint
1129 489 1177 544 per
1191 479 1311 526 nostrane
1325 464 1523 536 providentiam
1532 465 1649 520 onliuati
1661 466 1752 521 divina

117 564 174 648 rit,¹
187 583 402 654 indignationem
421 579 617 649 ourrriputentis
640 577 706 642 bet,
721 587 748 631 et
767 577 909 631 beatonun
961 583 1070 637 semper
1080 565 1168 621 oliteia
1185 561 1368 622 celebrentur,
1384 566 1410 610 et
1424 554 1754 625 quithuidlnrislrabetis

118 674 191 734 l‘erri
215 681 242 726 et
259 671 335 725 Pauli
356 668 542 740 apostolorum
563 665 621 735 ejus
636 680 666 722 se
689 663 798 745 noterit
818 663 911 717 itreur·
961 659 990 714 in
1009 658 1103 713 cadern
1122 655 1239 710 ecelesia
1256 653 1285 706 S.
1302 649 1394 704 llariae
1413 662 1461 716 per
1481 645 1624 700 ecclesian
1647 644 1754 700 Sanctae

118 780 224 818 §urunt-

154 874 251 928 llatnnr
267 873 409 939 Laterani,
425 886 473 926 xru
493 868 552 924 llol.
568 866 644 934 llaii,
661 864 842 936 pontillcatns
858 876 910 916 no·

118 965 168 1019 stri
182 982 254 1024 aurio
273 967 378 1037 quinto.

474 1145 540 1204 CCV

248 1302 420 1373 Pricilegr'nut
434 1318 482 1371 pro
493 1301 606 1355 ecclesio
619 1299 649 1355 S.
665 1300 778 1359 Genesii.

357 1412 510 1507 (Laterani,
523 1437 608 1509 April.
621 1437 681 1505 st.)

227 1571 353 1644 [Bucnz.,
369 1569 485 1625 lliscell.
498 1571 543 1626 etl.
559 1569 658 1638 llensi,
672 1570 715 1636 ΙΙΙ,
727 1570 804 1642 trs]

78 1675 80 1682 Ι
157 1713 340 1762 boecesrtuus
362 1698 508 1775 episcopus
522 1668 679 1764 ...dilectis
697 1707 758 1760 bliis
772 1706 949 1780 Guscontog

120 1802 267 1871 praeposito
280 1799 309 1855 S.
323 1799 444 1862 Genesii,
454 1799 569 1868 ejusque
584 1799 714 1856 iratribus
729 1810 784 1855 taru
796 1815 914 1870 prusen-

121 1889 193 1945 tibus
211 1903 293 1958 utram
311 1889 411 1945 lutaris
427 1889 558 1945 catrouice
578 1890 780 1947 constituendis
802 1891 829 1946 in
852 1907 914 1961 per·

121 1990 244 2050 pctuunr.

155 2091 211 2147 Piae
236 2094 385 2162 postulatio
412 2093 560 2151 voluntatis
583 2096 681 2152 ellectu
713 2099 793 2155 debet
820 2114 915 2169 prose-

123 2196 225 2256 quente
245 2188 396 2256 conrpleri,
414 2196 445 2241 ut
459 2197 486 2242 et
499 2190 652 2247 denotionis
665 2193 811 2250 sinceritas
824 2196 915 2252 lauda·

122 2279 214 2361 biliter
229 2279 375 2343 enitescat,
398 2291 426 2335 et
441 2284 546 2338 utilitas
565 2285 701 2352 postulate
720 2288 794 2342 vires
809 2289 915 2344 indulti·

125 2377 217 2426 tenter
232 2382 362 2427 assunrat.
378 2373 446 2441 Quia
468 2375 560 2444 igitur,
575 2391 592 2430 o
605 2376 655 2432 lilii
678 2377 704 2431 in
724 2377 834 2434 cbristo
850 2382 915 2435 elra-

125 2462 252 2534 rissitui,
272 2479 320 2520 cos
337 2479 386 2533 per
408 2467 528 2519 divinam
555 2469 674 2536 gratiora
689 2471 803 2540 aspiratl
825 2486 914 2527 nrnres

125 2561 233 2606 nestros
257 2555 395 2610 colraercre
416 2564 445 2610 ct
459 2558 510 2611 snb
525 2555 586 2610 ritae
605 2559 744 2613 catranicee
766 2560 914 2628 disciplina

124 2651 152 2702 et
169 2643 349 2698 cornrnuniter
363 2645 517 2699 secundnm
530 2630 687 2701 sanctoruni
707 2649 820 2703 Patruus
838 2653 916 2706 insti·

127 2733 260 2787 tutionern
275 2735 452 2802 disposuistis
462 2736 646 2804 omnipotenti
668 2739 782 2793 lioruino
797 2741 913 2807 seruire,

125 2837 176 2877 nos
200 2824 271 2877 rotis
292 2825 391 2878 vestris
416 2834 531 2894 paterno
555 2827 778 2896 congratulantur
801 2828 914 2894 allectu;

126 2916 200 2970 uttrle
216 2915 299 2969 etiarn
324 2917 555 2986 pranleccssorunt
576 2926 733 2973 nostroruur
756 2919 842 2975 felicis
860 2936 916 2975 nte·

126 3006 219 3059 morice
234 3006 380 3062 Alexandri
398 3008 431 3072 ΙΙ,
446 3007 597 3075 Pesclralis,
623 3007 748 3079 Ertgcrtii,
765 3010 915 3077 Arrastasii,

127 3096 287 3162 Alexandri,
301 3098 378 3153 Lucii
391 3110 418 3153 et
434 3100 582 3155 Glcruentis
598 3101 784 3156 llornanorurn
803 3103 915 3171 pontill-

127 3204 189 3245 euur
209 3190 331 3244 instituta
353 3202 516 3261 sequentes,
539 3193 602 3247 rtue
617 3194 757 3249 canonicae
772 3195 917 3259 ordinent,

127 3296 207 3350 uueru
223 3284 289 3338 estis
301 3283 428 3352 prolessi,
445 3286 589 3352 praesentis
601 3285 738 3354 privilegii
755 3285 918 3340 atreturitatc

128 3373 281 3439 flruraruus,
296 3385 324 3429 et
339 3376 482 3430 ecclesiast
502 3387 622 3429 vestram
638 3374 689 3428 sub
704 3375 778 3428 beati
791 3374 876 3436 l‘ctri,
891 3382 919 3428 et

128 3474 221 3537 trustra
236 3466 405 3533 protectione
426 3466 606 3533 suscipiurus;
619 3473 772 3519 statuentes
792 3474 821 3518 ut
837 3478 919 3534 quas·

127 3567 235 3620 eurique
250 3555 447 3620 possessiones,
459 3569 626 3624 quascunque
639 3554 710 3609 bona
723 3555 816 3609 cadent
827 3554 919 3610 Eccle-

128 3641 170 3694 sia
184 3639 432 3708 impraesentiarum
444 3640 516 3708 inste
527 3653 554 3697 et
565 3645 696 3698 canonice
708 3643 827 3712 possidet
840 3643 919 3712 lurgi-

130 3731 204 3786 tlune
218 3747 311 3801 regum
330 3733 370 3787 rel
391 3733 553 3805 principnnr,
572 3734 708 3789 oblatione
722 3733 854 3800 tide-liuru,
870 3749 919 3790 seu

129 3822 191 3878 ullis
222 3818 305 3890 jusus
333 3823 438 3889 ntodis,
470 3835 618 3894 praestante
641 3826 774 3891 bannitio,
817 3826 920 3895 poterit

86 3965 93 3977 ,
129 3916 254 3985 adipisci,
272 3917 348 3970 lirtua
363 3917 440 3972 tobis
456 3918 609 3987 vestrisque
624 3922 834 3976 suecessoribus
849 3933 876 3975 et
887 3920 917 3974 il·

130 4007 212 4061 libata
229 4018 418 4077 permaneant.
431 4008 459 4062 ln
473 3992 573 4079 quibus
586 4010 644 4065 lraee
663 4013 782 4081 propriis
794 4012 921 4068 duximus

130 4099 269 4154 vocabulis
282 4101 458 4168 exprimenda
472 4119 480 4156 r

168 4211 270 4282 Locunr
287 4214 374 4299 ipsura
391 4215 418 4269 in
432 4230 486 4284 qtae
497 4215 576 4285 plebs
597 4217 657 4285 ipsa
671 4218 722 4273 sita
736 4230 779 4275 cst
790 4233 851 4272 cunt
864 4233 923 4274 orn-

132 4304 212 4373 nilnrs
228 4305 401 4373 pertinentiis
412 4306 480 4373 suis,
493 4317 621 4376 quartam
633 4317 740 4378 partein
754 4309 922 4363 decirnarurn

133 4397 217 4452 tutius
229 4407 328 4452 restrae
344 4397 439 4466 plebis,
459 4408 486 4453 et
501 4400 591 4453 ontnia
608 4400 668 4469 quui
681 4399 770 4454 felicis
785 4399 924 4455 ntetttoriee
939 4401 961 4455 l)

131 4485 253 4543 loannes
271 4490 418 4559 episcopus
441 4489 591 4543 canonicus
611 4498 711 4544 restrae
723 4491 862 4545 concessit
876 4507 923 4547 ec-

132 4579 235 4645 alesia),
245 4578 403 4643 doruum,et
412 4581 580 4649 leprosoruru
590 4597 651 4637 eunt
661 4583 778 4638 ccclesia
789 4581 817 4638 S.
827 4583 923 4638 Lazari

111 4659 208 4740 *juxta
222 4670 346 4724 cantilena
366 4671 472 4741 plebeut
495 4686 557 4725 eunt
581 4672 754 4741 pertinentiis
775 4673 848 4740 suis,
864 4673 923 4727 runi·

133 4775 211 4815 uersa
228 4761 310 4815 etiarn
324 4776 414 4832 quaa
433 4760 620 4832 Latrgobardis
633 4762 666 4818 de
678 4761 707 4818 S.
722 4763 832 4818 lliniato
848 4764 925 4820 robis

133 4851 255 4931 legitime
285 4851 348 4905 data
377 4859 441 4906 snttt
465 4867 498 4907 ae
523 4852 716 4923 elrirograpltis
744 4854 927 4916 coulntuata,

131 4936 366 5010 electurosynaruru
380 4941 463 4997 ctiam
478 4957 538 5011 quas
558 4958 607 5011 pro
620 4943 757 4999 deluuctis
768 4943 870 5009 ,alieubi
883 4939 924 4997 in-

133 5025 147 5082 Ι
148 5043 178 5084 ra
193 5030 282 5111 plebis
293 5032 380 5098 spatia
398 5032 512 5102 sepultis
522 5031 676 5088 offeruntur
689 5035 794 5087 tertiata
807 5019 924 5101 parient,

132 5123 362 5190 ‹pucrrtadrnodnru
390 5138 405 5176 a
422 5124 492 5179 bona
515 5124 647 5179 urteruoriu
663 5124 806 5180 Puseltalis
822 5125 926 5194 praede·

133 5216 254 5269 cessoris
270 5216 357 5270 nostri
376 5215 455 5272 vobis
467 5230 630 5272 concessura
644 5226 687 5272 est
709 5226 736 5273 et
758 5219 861 5287 scripto
876 5234 925 5274 suo

135 5307 283 5363 tinnierunt.
300 5308 329 5361 ln
349 5307 435 5378 burgo
448 5323 557 5379 qrtoqrrc
571 5309 688 5364 ecclesia
706 5308 735 5365 S.
748 5308 847 5380 AEgidii
863 5326 924 5384 curu

134 5397 308 5467 pertinentiis
317 5401 385 5467 suis,
398 5416 438 5456 eet
448 5401 515 5455 lesia
528 5399 557 5455 S.
568 5400 762 5470 Glrristnpltori
776 5402 842 5456 etS.
854 5399 924 5455 iusti

134 5499 161 5544 et
178 5491 206 5545 S.
223 5491 319 5563 dugcli
332 5508 414 5561 supra
430 5494 547 5563 liutprant
562 5508 624 5547 euru
643 5492 770 5548 onrrribtrs
784 5493 924 5564 pertinen-

136 5581 181 5637 tiis
194 5582 263 5639 suis.
285 5583 313 5638 ln
326 5584 424 5638 eodetn
440 5585 523 5640 etiarn
536 5585 623 5656 burgo
636 5585 781 5640 ecclesiam
797 5584 827 5639 S.
840 5582 924 5646 Petri,

134 5685 162 5740 et
187 5674 214 5730 iu
236 5686 330 5747 cestro
349 5676 444 5734 Sancti
472 5675 592 5737 illuriatis
618 5676 765 5736 cccleslaru
789 5674 924 5755 Silanae

961 747 1121 812 Cirristiuae,
1136 750 1200 800 itcru
1213 743 1357 799 eeclesiaur
1372 738 1402 792 S.
1414 735 1606 791 llartbolonaaei
1619 753 1681 792 curn
1695 753 1756 806 per·

963 838 1084 893 tinentiis
1096 837 1163 900 suis,
1177 834 1322 890 ccclesiaru
1341 830 1371 886 S.
1384 828 1478 892 lilasii,
1490 828 1635 882 ecelesiam
1649 828 1677 882 S.
1691 827 1754 883 Ste-

964 928 1062 1000 phani,
1074 927 1219 981 ecclesium
1234 926 1264 981 S.
1281 923 1423 979 Laurentii
1436 923 1468 976 de
1483 921 1595 985 Noeida,
1605 921 1752 976 ecclesiane

895 1062 898 1066 -
964 1018 995 1074 S.
1010 1018 1082 1074 Petri
1098 1033 1181 1088 supra
1196 1016 1325 1079 Fontern,
1341 1013 1486 1070 ecelesiam
1503 1014 1533 1066 S.
1549 1012 1666 1067 bultten
1677 1010 1754 1081 justu

962 1120 1081 1165 cestrum
1100 1108 1236 1171 Gicultun,
1249 1107 1395 1162 ecclesiam
1408 1104 1438 1159 S.
1453 1102 1596 1158 llielraelis
1608 1101 1679 1156 inira
1694 1116 1755 1155 utu-

963 1217 1019 1267 ros,
1035 1200 1179 1256 ecclesiane
1196 1199 1226 1253 S.
1240 1197 1334 1252 iacobi
1353 1207 1380 1251 et
1396 1196 1426 1250 S.
1444 1194 1549 1256 Luciae,
1563 1193 1707 1248 ecelesianr
1724 1190 1754 1245 S.

846 1273 850 1280 Ι
884 1312 889 1320 ·
962 1285 1060 1348 lionati
1075 1293 1109 1346 tie
1125 1292 1283 1358 Fartguana,
1300 1289 1444 1344 ecclcsiatn
1455 1287 1484 1342 S.
1497 1286 1606 1361 blaptiui
1620 1286 1653 1339 de
1666 1283 1757 1339 Gastl-

962 1382 1044 1447 lione,
1060 1381 1212 1450 ecclesiam,
1223 1380 1252 1434 S.
1263 1376 1400 1448 llippolyti
1413 1370 1451 1430 de¹
1461 1375 1601 1438 llaraaua,
1612 1374 1754 1430 ecelesiaur

896 1482 906 1513 ὅ
963 1472 994 1530 S.
1009 1472 1101 1527 ilarius
1118 1472 1151 1526 tle
1168 1455 1334 1535 Galeuzsno,
1351 1467 1498 1522 ecelesiaur
1516 1465 1544 1520 S.
1560 1465 1693 1531 Quiritiui,
1708 1479 1757 1519 een

963 1562 1074 1618 clesianr
1088 1563 1122 1615 de
1135 1559 1219 1625 Golle,
1236 1557 1380 1613 eeclesieru
1396 1556 1430 1609 tle
1445 1555 1593 1631 anriauo,
1610 1553 1756 1608 ecclesiaru

963 1653 996 1707 de
1007 1653 1140 1715 llnrtneto,
1159 1648 1302 1704 ecclcsiatu
1315 1647 1345 1704 S.
1358 1645 1449 1699 llarioe
1462 1646 1496 1699 de
1510 1643 1660 1706 llotuarsn,
1670 1644 1758 1698 eccle·

964 1743 1034 1796 siant
1049 1743 1083 1795 de
1100 1739 1321 1802 llouterotundu,
1332 1735 1478 1791 ecetesiam
1496 1735 1529 1788 de
1544 1731 1694 1794 Plarratole,
1712 1747 1759 1787 ca-

964 1829 1282 1889 clesieutdeBrusciauo,
1290 1825 1431 1881 ecelesiam
1441 1824 1471 1878 S.
1481 1821 1756 1894 Stcplrunide'lnrrc,

964 1923 1107 1981 eeclesiam
1122 1922 1152 1977 S.
1171 1921 1244 1976 l’etri
1256 1921 1290 1974 de
1302 1917 1488 1984 llarcignana,
1504 1914 1647 1971 ecclesiam
1658 1911 1688 1968 S.
1703 1911 1758 1966 llo·

964 2016 1021 2070 uati
1036 2016 1069 2070 de
1086 2013 1189 2077 lnsula,
1204 2010 1348 2067 ecclesium
1372 2009 1403 2063 S.
1417 2006 1511 2076 Angcli
1524 2007 1558 2061 de
1578 2004 1694 2073 llnplria,
1711 2018 1758 2059 ec·

964 2107 1077 2163 clesiaut
1097 2105 1127 2160 S.
1141 2101 1258 2171 Plrilippi
1275 2103 1308 2156 de
1320 2100 1407 2164 Pina,
1424 2098 1568 2154 eeclesiant
1584 2095 1612 2152 S.
1632 2095 1758 2164 Prospeti

957 2199 998 2254 'dc
1013 2194 1213 2265 llontalpraudi
1238 2208 1300 2248 euru
1317 2191 1444 2244 uirtutibus
1459 2187 1632 2258 pertiuentiis
1649 2200 1758 2246 cacurri,

965 2299 993 2346 ct
1002 2292 1024 2345 si
1034 2290 1095 2360 quis
1106 2288 1285 2358 ibtpusterum
1295 2282 1364 2337 iulia
1378 2281 1458 2336 tinius
1469 2280 1555 2348 plebis
1565 2279 1682 2345 spatione
1693 2276 1759 2330 redi-

966 2382 1051 2438 llcure
1077 2379 1235 2448 contigerit.
1255 2374 1391 2443 Quidquid
1413 2373 1496 2425 etiarn
1513 2369 1583 2434 juris
1599 2368 1706 2423 bebetis
1732 2369 1758 2421 iu

966 2485 1044 2531 curte
1059 2469 1276 2528 Sanctiuriuiatis
1291 2468 1324 2521 de
1340 2463 1454 2536 Etnpulo
1465 2466 1499 2518 de
1512 2457 1717 2530 llonteruppoli,
1732 2465 1761 2513 ct

968 2568 996 2622 lu
1014 2577 1092 2623 curte
1107 2567 1141 2618 de
1157 2560 1340 2631 llarrignana.

1002 2657 1059 2721 Ego
1071 2650 1246 2712 cretesrtnus,
1263 2646 1404 2701 catholicae
1420 2643 1550 2698 Ecclesiae
1563 2642 1719 2710 episcopus.

1002 2747 1058 2814 Ego
1070 2743 1174 2803 Petrus,
1192 2739 1233 2794 tit.
1249 2737 1406 2793 scaettis
1421 2734 1512 2805 presb.
1524 2733 1601 2789 card.

1004 2839 1059 2906 Ego
1071 2832 1161 2902 Unde,
1179 2832 1212 2887 S.
1226 2832 1358 2886 Prudent.
1372 2833 1464 2899 presb.
1480 2829 1557 2883 card.

1001 2931 1058 3000 Ego
1072 2929 1203 2993 loannes,
1227 2926 1268 2980 tit.
1292 2921 1485 2979 S‘Gletneutis
1505 2919 1581 2975 eard.
1595 2916 1763 2975 viterbiens.

930 3049 951 3105 ρ
968 3032 995 3079 ct
1009 3023 1129 3077 Tnseau.
1144 3018 1298 3089 episcopus.

1004 3112 1060 3182 Ego
1073 3111 1172 3176 Guido,
1188 3107 1219 3164 S.
1234 3107 1326 3161 llariae
1342 3107 1369 3160 in
1384 3103 1584 3160 Transtiberlru
1602 3100 1645 3156 tit.
1662 3099 1760 3157 Calisti

968 3204 1057 3276 presb.
1072 3202 1147 3258 card.

1005 3294 1060 3363 Ego
1076 3293 1181 3361 llngns,
1192 3291 1232 3344 tit.
1248 3289 1277 3344 S.
1294 3288 1403 3342 llartiui
1415 3287 1508 3356 presb.
1523 3287 1599 3340 card.

1006 3384 1062 3452 Ego
1075 3381 1206 3443 luartnes,
1222 3381 1264 3434 tit.
1278 3378 1307 3432 S.
1325 3377 1457 3445 Stephani
1473 3376 1564 3445 presb.
1579 3374 1658 3429 card.

1007 3472 1065 3543 Ego
1073 3470 1186 3532 cintius,
1196 3470 1236 3522 tit.
1245 3469 1273 3523 S.
1284 3466 1422 3521 Latnentii
1433 3466 1460 3518 iu
1469 3464 1571 3519 Lucina
1582 3464 1674 3534 presb.
1684 3462 1762 3523 card.
1827 3460 1831 3465 '

1005 3564 1062 3634 Ego
1074 3561 1222 3624 Saticulus,
1243 3561 1285 3614 tit.
1303 3558 1334 3614 S.
1348 3556 1478 3612 Prasetlis
1494 3557 1585 3625 presb.
1601 3554 1680 3610 cartl.

1011 3655 1068 3725 Ego
1081 3639 1245 3718 bernardus,
1259 3650 1289 3706 S.
1303 3650 1374 3706 l‘etri
1390 3650 1424 3703 ad
1446 3647 1556 3704 Vincula
1572 3646 1663 3718 presb.
1678 3644 1758 3702 card.

1006 3746 1064 3814 Ego
1078 3744 1172 3811 Fidus,
1188 3744 1229 3798 tit.
1244 3742 1274 3798 S.
1290 3741 1411 3796 llureelli
1431 3741 1523 3809 presb.
1537 3740 1613 3793 card.

1006 3838 1064 3909 Ego
1080 3836 1212 3904 Joartucs,
1225 3836 1268 3890 tit.
1281 3835 1311 3890 S.
1327 3832 1427 3887 Priscae
1441 3829 1533 3902 presb.
1546 3827 1621 3885 card.

1008 3928 1063 3997 ligo
1077 3927 1202 3990 Albinus,
1216 3925 1315 3982 Alban.
1328 3924 1413 3993 episc.
1701 3916 1704 3921 “

1007 4017 1064 4088 Ego
1077 4016 1256 4078 Octauianus,
1270 4012 1449 4067 Bellctreusis
1460 4011 1547 4079 episc.

1009 4109 1066 4179 Ego
1079 4106 1210 4172 loannes,
1227 4099 1413 4158 Praertcstiuus'
1430 4101 1516 4169 episc.

1010 4201 1065 4271 Ego
1079 4198 1187 4263 Petrus,
1203 4193 1361 4251 Portueusis
1373 4191 1403 4248 S.
1418 4189 1522 4245 liutiure
1538 4190 1625 4261 episc.

1012 4294 1067 4361 ligo
1081 4285 1242 4354 Gratianus,
1254 4285 1307 4342 SS.
1322 4285 1460 4340 Gosuraeet
1472 4282 1595 4337 [lauriani
1604 4281 1677 4335 diac.
1688 4282 1764 4335 eard.

1010 4385 1067 4455 ligo
1080 4382 1231 4446 Gerardns,
1248 4381 1291 4433 tit.
1309 4377 1338 4432 S.
1353 4376 1466 4432 Adriani
1480 4377 1550 4429 diac.
1569 4373 1647 4429 eard.

1010 4475 1068 4544 Ego
1080 4472 1239 4542 Gregorius,
1255 4468 1285 4523 S.
1301 4467 1395 4522 barte
1408 4467 1434 4520 iu
1446 4462 1555 4519 Portieu
1569 4464 1642 4519 diac.
1655 4462 1730 4517 card.

1011 4567 1066 4635 ligo
1078 4565 1238 4634 Gregorius,
1253 4562 1284 4619 S.
1299 4559 1390 4613 llariae
1404 4558 1431 4611 in
1444 4558 1516 4626 Agre
1526 4555 1597 4610 eliac.
1610 4555 1685 4609 card.

1016 4657 1072 4726 Ego
1082 4655 1241 4724 Gregorius,
1255 4652 1297 4706 tit.
1308 4650 1337 4706 S.
1349 4649 1457 4718 Georgii
1470 4649 1504 4703 ad
1519 4639 1767 4711 iellanrcntislsic)

980 4748 1050 4803 tliac.
1067 4745 1143 4801 card.

1009 4838 1065 4905 ligo
1075 4835 1213 4898 Lutarius,
1225 4831 1277 4886 SS.
1293 4831 1380 4900 Sergii
1398 4840 1426 4884 et
1440 4827 1539 4882 liacclri
1555 4827 1627 4880 diae.
1639 4823 1713 4879 card.

1009 4904 1769 4995 Egollicidaus,Silariaeinllurrneld.(sic)diaecgrd.
1868 4936 1873 4947 ·

1012 5018 1068 5087 Ego
1082 5015 1241 5086 Gregorius,
1256 5008 1391 5078 Sangeli
1410 5008 1482 5062 diac.
1499 5005 1576 5059 eard.

1013 5110 1069 5180 Ego
1082 5107 1167 5173 liobo,
1180 5106 1206 5160 S.
1228 5101 1364 5158 'lbeodori
1379 5101 1450 5154 diae.
1465 5097 1541 5155 eard.

1011 5201 1068 5270 ligo
1084 5199 1189 5263 Petrus,
1201 5197 1230 5251 S.
1246 5194 1337 5248 ilarius
1350 5192 1377 5246 iu
1393 5191 1441 5247 Via
1456 5188 1525 5243 Lato
1539 5186 1613 5242 diac.
1629 5181 1706 5238 canl.

1010 5292 1107 5344 Acturn
1130 5284 1268 5352 Laterani,
1289 5296 1337 5353 per
1352 5293 1462 5335 rrtarrnm
1488 5276 1574 5332 Girini
1592 5267 1721 5346 [Gintbiil
1738 5266 1768 5323 S.

976 5383 1066 5439 tuctu
1080 5380 1107 5434 in
1121 5380 1221 5435 llortea
1239 5375 1300 5447 (sie)
1317 5375 1389 5430 diac.
1406 5369 1565 5435 cardinalis,
1580 5363 1683 5422 dourini
1696 5376 1771 5432 papee

976 5471 1136 5535 corruet-arii,
1154 5484 1201 5523 rut
1218 5468 1278 5523 llal.
1301 5465 1374 5532 llaii,
1392 5461 1541 5518 indictione
1556 5471 1616 5521 aut,
1631 5453 1769 5509 lue-arunt.

977 5561 1127 5618 ltominieec
1147 5559 1225 5622 tter,
1243 5555 1421 5629 pontitieatus
1438 5545 1611 5609 verodomni
1630 5539 1771 5610 celestini

977 5667 1052 5739 pape
1068 5651 1100 5709 tit
1116 5665 1188 5709 anuo
1205 5664 1243 5714 rr.
