3756 5994
110 209 197 267 dots

571 208 749 266 EPlSTOLAE
769 208 814 263 st
833 207 1039 264 Ptttt’ltAEGtA.
1052 239 1086 250 -
1106 208 1161 262 AN.
1184 210 1260 264 tius.

1684 218 1760 279 ,tuot
1774 248 1776 253 v

161 327 236 382 Sane
251 325 386 381 novalium
403 332 555 380 uestrorum
569 338 629 392 quae
650 323 768 395 propriis
790 323 915 378 manibus
929 328 952 384 Α
967 318 1072 379 dilectis
1093 324 1120 379 in
1145 324 1256 381 Cluristo
1276 327 1402 394 filiabus,
1429 330 1576 391 abbatissae
1606 336 1758 396 l'ilelonsis

124 425 174 469 aut
193 417 347 486 sumptibus
367 415 466 480 colitis,
488 415 546 470 sive
566 414 601 468 de
621 416 795 470 nutrimentis
810 414 916 467 aninua·

125 505 192 561 iinun
206 516 359 562 vestrorum
377 507 494 562 mullosa
512 506 587 573 voluis
601 505 721 560 decimas
739 505 859 576 exigere,
873 504 916 560 rel

124 608 291 663 exurrrquere
317 605 475 668 praesumat.
500 597 626 652 Clurisma
649 610 734 661 vero,
756 595 845 649 oleum
870 610 915 650 sa-

124 700 215 752 eruuu,
234 690 455 744 consecrationes
477 688 616 750 altariuuu,
633 688 819 742 ordinationes
833 688 915 743 cleri·

127 792 233 840 corum,
249 780 295 846 qui
315 780 348 832 aul
369 794 462 833 sacros
478 779 589 832 ordines
606 778 716 834 lueriut-
728 779 913 847 promovendi,

126 869 311 923 adioecesauuo
326 870 481 938 suscipietis
493 872 626 940 episcopo,
641 870 775 941 siquidem
800 873 914 927 catluoli-

128 974 176 1015 cus
195 961 287 1027 luerit,
302 971 328 1016 et
347 963 463 1031 gratiam
477 972 558 1031 atque
572 965 790 1019 communionem
804 971 914 1032 aposto·

126 1052 186 1108 lieae
203 1055 277 1108 sedis
295 1054 434 1119 babuerit,
451 1064 480 1109 et
499 1070 530 1111 ea
551 1056 627 1110 vobis
648 1057 743 1125 gratis,
764 1066 791 1110 et
812 1056 915 1124 absque

125 1145 215 1213 aliqua
228 1150 361 1216 pravitate
369 1147 484 1202 voluerit
493 1148 639 1215 exluibere;
651 1149 769 1216 alioquin
778 1146 810 1202 ad
818 1162 915 1217 queuu

125 1238 388 1307 cuuuqueuualneritis
401 1240 551 1294 antistitem
561 1280 569 1307 ,
580 1241 695 1310 gratiam
710 1252 735 1296 ιι
745 1243 915 1297 commuuio·-

126 1343 188 1383 nonu
204 1332 360 1400 apostolice
382 1333 455 1385 sedis
478 1330 621 1386 lrabesteru
646 1332 730 1387 libere
745 1335 912 1400 recurratis,

124 1420 183 1489 qui,
202 1433 293 1474 nostra
306 1422 388 1476 initus
400 1424 572 1486 anctoritate,
585 1423 662 1478 vobis
672 1439 731 1493 qum
742 1426 914 1493 postulantur

124 1511 273 1579 impendat.
300 1512 425 1567 ilbeuote
449 1526 515 1566 vero
544 1522 589 1580 te,
618 1529 690 1569 nuuc
714 1514 834 1582 ejusdem
861 1515 913 1570 loci

125 1602 283 1670 proposito,
299 1602 341 1657 vel
356 1603 389 1656 aul
403 1602 516 1658 alterius
536 1603 586 1658 loei
608 1606 728 1675 regimen
744 1616 925 1673 transeunte,

969 416 1126 470 monasterii
1139 416 1252 486 ejusque
1265 421 1405 476 sororibus
1418 430 1471 478 tam
1486 429 1665 503 praesentibus
1676 446 1757 501 qoam

968 503 1067 560 laturis
1087 508 1240 577 regularem
1271 513 1356 565 ritauu
1388 514 1520 583 prolcssis
1538 517 1757 589 inperpetuum.

1002 594 1186 652 Prudentiluus
1200 599 1352 668 virginibus
1366 617 1425 672 quae
1440 607 1490 660 snb
1506 606 1598 661 babitu
1618 608 1759 678 religionis

968 688 1090 743 accensis
1109 689 1280 759 lampadibus
1299 707 1348 761 per
1373 708 1454 763 opera
1478 697 1631 769 sanctitutis
1658 699 1759 770 iugiter

967 793 996 832 se
1011 794 1166 848 praeparant
1184 781 1225 836 ire
1238 783 1346 838 obriauu
1368 785 1491 854 Sponsa,
1507 789 1586 844 sedes
1609 793 1757 860 apostolica

966 869 1046 924 debet
1067 873 1250 940 patrocinium
1273 875 1423 945 impertiri.
1444 915 1452 933 .
1473 918 1480 934 .
1503 919 1511 934 .
1531 917 1540 933 .
1562 923 1569 937 .
1598 882 1757 953 §triturantes

966 969 996 1013 ut
1014 963 1080 1025 orulo
1099 965 1270 1020 monasticus
1289 970 1335 1036 qni
1354 971 1504 1025 seecundum
1525 972 1609 1028 Deum
1633 983 1661 1029 et
1685 976 1756 1028 beati

966 1048 1107 1106 Benedicti
1123 1051 1256 1120 liegnlaun
1278 1055 1303 1109 in
1317 1059 1412 1111 eodenu
1431 1063 1597 1116 monasterio
1617 1063 1757 1119 institutus

965 1157 1026 1197 esse
1044 1144 1222 1213 dignoscitur,
1243 1148 1383 1217 perpetuis
1408 1148 1508 1203 ibidem
1534 1155 1698 1220 temporibus
1713 1156 1755 1209 iu·

965 1234 1128 1291 violabiliter
1144 1238 1317 1293 observetur,
1336 1238 1471 1313 Praeterea
1487 1257 1666 1313 quouscunque
1694 1263 1756 1317 pos·

965 1321 1112 1388 sessiones,
1124 1336 1292 1392 quaeeunque
1315 1323 1384 1377 bona
1406 1326 1500 1379 eauleuuu
1514 1328 1631 1383 ecclesia
1648 1331 1756 1399 imprae-

965 1412 1113 1465 sentiarum
1130 1414 1202 1482 juste
1226 1422 1254 1466 ιι
1279 1415 1413 1469 canonice
1430 1418 1562 1484 possidet,
1582 1421 1659 1476 turma
1677 1424 1756 1477 vobis

966 1503 1120 1571 rostrisque
1151 1504 1357 1558 successoribus
1387 1513 1415 1559 ιι
1441 1506 1542 1562 illibata
1565 1524 1755 1578 perunaneant.

965 1591 993 1646 lu
1010 1593 1108 1662 quibus
1125 1594 1182 1649 lurco
1203 1596 1321 1665 propriis
1336 1596 1464 1654 duximus
1478 1602 1657 1671 exprimenda
1671 1621 1755 1662 roca·

126 1693 185 1747 sire
197 1694 320 1763 quolibet
339 1706 447 1749 tuuoruun
464 1688 665 1760 successorum,
683 1696 772 1752 uollns
794 1699 830 1753 ibi
847 1714 914 1767 qua·
930 1668 952 1722 B
968 1687 1048 1740 ¹³⁰5&
1246 1752 1249 1757 .
1604 1762 1607 1766 ,

1002 1779 1155 1836 ·.....Liceat
1174 1797 1282 1852 quoque
1302 1781 1378 1837 vobis
1400 1799 1529 1854 personas
1554 1791 1690 1848 esaeculo
1712 1782 1755 1846 iut-

965 1871 1070 1940 gientes
1092 1872 1194 1929 liberas
1205 1889 1232 1929 et
1247 1875 1385 1932 absolutas
1395 1878 1433 1944 ad
1457 1879 1663 1948 couversionem
1684 1885 1755 1940 reci·

124 1782 192 1839 libet
206 1786 392 1854 subreptionis
407 1787 505 1842 astutia
522 1803 569 1842 scu
588 1781 715 1842 violentia
728 1801 911 1857 praeponatur,

125 1878 178 1932 nisi
196 1894 278 1948 quem
300 1880 400 1935 iratres
421 1883 558 1937 counuuuui
576 1898 723 1948 consensu,
740 1885 782 1938 vel
797 1885 912 1940 iratrum

123 1981 189 2037 pars
210 1970 308 2040 ruuajor,
331 1972 512 2029 seu.cousilii
538 1973 671 2042 sanioris,
692 1973 840 2028 secuudum
866 1975 913 2029 bei

123 2060 249 2115 tiuuorcuu
272 2069 300 2115 ct
322 2061 392 2115 beati
418 2063 560 2133 Augustini
588 2063 719 2135 Regulam
745 2065 913 2134 providerint

123 2149 290 2222 eligendum.
316 2155 355 2208 Ad
380 2156 437 2209 luaec
459 2156 588 2224 quoniam
612 2158 688 2212 locus
710 2168 799 2212 vester
816 2159 856 2212 sle
872 2165 915 2235 est

125 2242 276 2307 institutus,
292 2255 322 2300 ut
336 2246 486 2301 advocatus
499 2247 632 2302 bouuorum
647 2249 724 2304 ducis
739 2248 870 2303 Bauvarire
884 2248 911 2302 iu

122 2334 247 2402 partibus
271 2335 325 2388 illis
346 2319 466 2403 ejusuleun
490 2352 598 2406 quoqne
622 2327 733 2394 inrisit
754 2340 911 2404 adrocatus,

123 2424 300 2492 probibemus
313 2435 342 2480 ut
361 2442 410 2482 nec
425 2428 488 2498 ipsi,
503 2444 555 2484 nec
569 2429 649 2485 alicui
667 2431 843 2487 subministro
853 2433 912 2501 ejus

123 2517 208 2574 licent
224 2519 351 2573 eumdem
372 2520 462 2575 locuuu
484 2522 593 2591 iny'nstis
615 2519 818 2592 graiaruiuibus
844 2526 911 2580 iolc-

123 2619 212 2678 stare;
231 2614 278 2667 sed
294 2628 367 2678 eum,
384 2613 444 2667 vice
455 2612 513 2680 jara
527 2616 590 2670 dicti
607 2618 693 2681 ducis,
708 2619 851 2686 sicutipse
868 2619 910 2673 iuu-

123 2704 214 2757 nimir
237 2713 265 2758 ct
287 2705 391 2773 scripto
411 2718 461 2758 suo
484 2705 613 2771 nruuauiu,
635 2724 697 2762 cunu
720 2710 862 2777 mancipiis
883 2718 912 2763 et

121 2792 344 2861 possessionibus
367 2793 438 2863 ejus,
455 2794 526 2849 idem
548 2796 698 2851 arluneauns
718 2796 863 2851 defendere
879 2812 911 2853 ac

123 2882 194 2936 tueri
211 2884 300 2948 debet,
318 2897 351 2937 ιο
371 2893 476 2951 tenore,
491 2894 520 2939 ut
532 2887 717 2954 quucrumouias
734 2895 788 2940 tam
805 2899 912 2941 vestras

121 2987 204 3042 quam
221 2974 417 3042 ruuaoeipiorum
434 2984 587 3030 vestrorum
599 2977 691 3030 audiat
701 3018 708 3041 ,
720 2989 747 3031 ct
762 2993 908 3047 congruam

964 1980 1040 2034 pere,
1056 1975 1082 2020 ct
1097 1981 1146 2020 eas
1166 1968 1268 2036 absque
1285 1969 1503 2024 contradictione
1517 1971 1607 2040 aliqua
1618 1975 1752 2039 retinere.

964 2057 1144 2114 l‘robilueunus
1162 2058 1275 2128 iusuper
1301 2067 1331 2112 ut
1354 2058 1420 2114 ruulli
1445 2077 1573 2116 sororum
1600 2073 1752 2120 restrarnuu

964 2159 1024 2218 post
1036 2149 1135 2203 iactam
1152 2150 1286 2207 incudem
1309 2153 1475 2206 monasterio
1496 2155 1695 2223 professionem
1712 2157 1754 2212 ias

964 2238 1007 2300 sit,
1020 2231 1059 2291 ‘de
1073 2240 1167 2292 eodem
1185 2238 1243 2294 loeo
1259 2241 1310 2296 nisi
1322 2242 1450 2296 arctioris
1467 2243 1606 2311 religionis
1627 2248 1751 2312 obtentu,

963 2323 1120 2391 discedeue;
1139 2323 1324 2382 discedentem
1347 2344 1412 2384 uero
1439 2331 1543 2400 absque
1568 2337 1752 2389 conuuuuniuun

961 2414 1114 2471 litterarum
1139 2422 1266 2475 cautione
1291 2421 1379 2477 uuullns
1406 2430 1506 2479 audeat
1531 2428 1660 2482 retinere.
1683 2426 1751 2483 Cum

963 2519 1054 2564 antem
1070 2512 1195 2579 generale
1206 2513 1379 2569 interdictum
1399 2527 1479 2571 terne
1495 2518 1588 2584 iuuerit,
1604 2519 1686 2574 liceat
1701 2532 1752 2574 vo·

964 2601 1017 2666 bis,
1038 2603 1140 2658 clausis
1152 2605 1255 2673 y'auuis,
1276 2607 1394 2661 exclusis
1403 2608 1654 2664 'excomununicatis
1666 2621 1695 2677 ,et
1711 2613 1752 2665 iu·
1841 2658 1845 2665 .

963 2694 1094 2758 terdictis,
1117 2711 1170 2749 nou
1195 2696 1307 2765 pulsatis
1330 2702 1483 2769 campanis,
1509 2717 1656 2771 suppressa
1683 2718 1751 2757 voce

962 2781 1052 2836 divina
1065 2781 1151 2838 oliicia
1168 2785 1319 2842 celebrare.
1339 2789 1548 2846 benedictiones
1567 2807 1631 2846 vero
1644 2795 1750 2849 monia·

960 2874 1040 2942 lium,
1054 2878 1244 2935 ordinationes
1260 2882 1465 2955 capellanorum
1479 2894 1633 2955 vestrorpm
1652 2889 1699 2957 qui
1716 2888 1749 2942 ad

962 2982 1057 3024 sacros
1082 2973 1193 3027 ordiues
1223 2974 1325 3030 iruerint
1345 2977 1536 3045 promoventi,
1560 2981 1750 3036 adioeccsauo

117 3061 253 3127 justitiam
273 3063 372 3129 luciat;
390 3064 537 3119 dummodo
561 3062 627 3119 tales
648 3075 712 3120 suot
733 3082 834 3132 causae,
847 3051 944 3136 qnaeC
961 3053 1090 3123 ⁰95⁵⁰0l¹⁰
1109 3055 1168 3112 ⁸5⁰0
1197 3061 1333 3128 immisti
1360 3062 1436 3117 V⁰¹Ji³
1462 3064 1587 3119 l⁰¹¹¹¹¹¹¹¹⁵
1611 3067 1747 3122 erluibed.

120 3152 209 3210 iuratur
222 3155 437 3210 ecclesiasticum
453 3171 506 3210 non
527 3158 685 3227 requirant:
707 3168 831 3227 paratam
845 3173 910 3213 vero

121 3242 222 3300 nullam
241 3259 256 3297 a
272 3246 350 3300 vobis
365 3256 477 3316 propter
498 3247 550 3302 lunc
572 3249 674 3318 exigat,
695 3251 742 3304 sed
756 3260 859 3303 tantum
877 3253 910 3306 de

120 3340 222 3396 borceo
248 3342 346 3411 ducis,
371 3344 417 3412 qui
442 3358 493 3412 pro
520 3353 641 3412 ternpore
668 3344 732 3408 luit,
759 3347 909 3400 secundum

120 3431 263 3498 antiquam
275 3432 472 3486 institutionem
486 3441 609 3501 ternpore
621 3449 671 3487 suo
682 3435 808 3502 accipiat.
821 3435 910 3502 Super

121 3522 173 3576 lucc
188 3521 258 3574 idem
275 3521 425 3576 advocatus
450 3521 477 3575 iu
494 3519 626 3588 claustro,
642 3522 683 3577 uel
705 3525 848 3594 mancipiis
863 3535 910 3581 aut

119 3613 463 3682 possessionibusrestris
490 3611 592 3666 nullam
622 3613 782 3683 disponendi
809 3617 908 3673 babeat

119 3718 286 3779 potestatem
298 3726 306 3763 ι
320 3709 479 3764 exactiones
489 3722 598 3778 qnoque
610 3708 744 3765 indebitas
755 3726 839 3780 super
848 3728 907 3777 ros,

119 3805 161 3859 vel
176 3819 258 3875 super
273 3805 410 3874 mancipia
423 3814 513 3860 restra
528 3820 543 3860 a
559 3820 696 3875 quoquam
717 3806 776 3861 lleri
799 3808 907 3878 penitus

119 3897 286 3953 inhibemus.
301 3894 474 3966 Sepulturam
497 3909 606 3966 quoque
621 3897 705 3966 ipsius
724 3897 776 3953 loci
793 3900 905 3955 liberam

117 4004 180 4044 esse
200 3990 385 4055 deceruimus,
406 3996 550 4043 uteorum
572 3987 709 4041 devotioni
729 3998 757 4046 et
778 4000 906 4047 extreuuae

119 4083 249 4136 voluntati
273 4082 372 4151 quise
395 4081 451 4137 iilic
474 4082 582 4151 sepeliri
605 4083 832 4148 deliberaverint,
854 4083 906 4138 nisi

118 4171 190 4226 sorte
205 4173 434 4228 exeommunicati
452 4172 495 4228 rel
518 4175 654 4230 interdicti
676 4174 742 4240 siut,
758 4174 845 4229 nuilus
857 4174 907 4230 olr-

118 4270 213 4334 sistaty
236 4267 311 4323 salva
330 4278 419 4324 tamen
431 4268 545 4339 institia
568 4268 678 4323 illarum
698 4269 905 4324 ecclesiaruma

117 4361 215 4431 quibus
228 4374 343 4429 corpora
358 4367 542 4413 assumuntur.

152 4454 331 4508 [leceruinuos
358 4466 442 4521 crgo,
470 4458 500 4505 ot
528 4449 593 4503 nulli
621 4447 734 4504 omuino
762 4448 902 4504 bominum

115 4545 206 4612 liceat,
224 4555 279 4602 etc.

152 4636 249 4692 Datum
271 4636 410 4702 Laterani,
427 4650 475 4705 per
494 4649 603 4689 unanunu
617 4635 709 4691 Ccucii
725 4635 832 4692 Sanctae
849 4635 902 4690 Lu-

115 4731 167 4788 ciae
192 4731 219 4786 iu
245 4731 348 4787 iirtluea
374 4727 482 4783 diaconi
509 4727 676 4794 cardiuuulis,
699 4726 801 4782 douuuini
826 4725 904 4796 papte

115 4822 273 4887 camerarii,
297 4837 328 4875 un
352 4819 489 4875 Kalendas
507 4818 589 4884 llaii,
609 4819 757 4875 indictione
778 4834 842 4882 xruu,
860 4818 903 4872 ln·

114 4911 283 4966 carnationis
298 4909 445 4964 Doouinicae
458 4925 531 4964 auno
552 4909 632 4970 iube.
648 4909 823 4979 pontificatus
837 4922 903 4965 vero

114 5003 217 5058 donnini
230 5001 372 5058 Coelestiui
385 5016 462 5072 papae
477 4999 509 5054 lli
526 5013 598 5053 anno
611 5001 715 5068 quinto.

468 5111 557 5170 CCXL

131 5233 325 5288 Portlreruouenu
361 5229 535 5285 Vilicluensem
571 5230 696 5296 tuendum
720 5228 829 5298 eruaripit
862 5239 886 5300 rt

241 5303 298 5371 ey'ns
313 5303 488 5370 possessiones
503 5318 534 5353 oc
548 5301 614 5370 y'rrro
626 5299 774 5367 conperiat.

338 5410 490 5487 (Laterani,
512 5409 599 5480 April.
620 5409 678 5479 etl.)

142 5530 319 5610 [hoewar
338 5522 403 5587 ild.
417 5529 463 5600 {ur
480 5531 522 5584 die
536 5526 639 5592 Geel..
662 5535 681 5582 t.
699 5527 718 5594 i,
744 5545 780 5600 pr
792 5526 870 5600 580]
904 5550 913 5562 ·

147 5624 507 5749 Qfflfflfflne·
545 5637 641 5680 sersus
672 5637 814 5679 servornm
844 5620 902 5691 oei,

964 3143 1136 3217 Sepulturam
1149 3161 1279 3220 preterea
1295 3156 1454 3209 monasterii
1467 3158 1548 3211 vestri
1561 3158 1675 3213 liberam
1686 3173 1749 3226 esse

960 3237 1145 3304 decernimus,
1171 3251 1199 3295 nt
1218 3259 1311 3298 eornm
1327 3247 1515 3300 devotioni'et
1541 3236 1672 3303 extreu'uae
1700 3265 1748 3303 ro·

961 3327 1056 3382 luuntati
1069 3331 1116 3398 qni
1131 3345 1163 3407 se
1174 3332 1229 3387 illic
1243 3334 1351 3402 sepeliri
1368 3337 1588 3409 deliberaverint,
1605 3339 1658 3394 uisi
1676 3340 1748 3393 burte

959 3421 1189 3474 excommunicati
1212 3423 1253 3475 rel
1273 3424 1410 3479 interdicti
1434 3427 1500 3490 sint,
1521 3428 1747 3492 nuliusolusistat,

959 3509 1141 3567 salvatamen
1163 3511 1271 3579 justitia
1299 3512 1405 3571 illaruriu
1418 3520 1597 3574 ecelesiarum
1614 3536 1630 3576 a
1646 3524 1747 3591 quibus
1795 3573 1801 3587 ,

959 3610 1128 3656 nuortuuorum
1147 3618 1263 3674 corpora
1282 3617 1468 3664 assumuntur.
1480 3608 1604 3679 Obcnute
1627 3627 1693 3668 vero
1721 3622 1747 3668 te

958 3711 1033 3752 nnnc
1046 3694 1169 3763 ejusdem
1183 3697 1236 3752 loci
1249 3699 1399 3766 abbatissa,
1416 3701 1457 3769 vel
1472 3716 1566 3757 eurtum
1583 3704 1672 3772 aliqua
1686 3720 1748 3774 quo

959 3787 1006 3842 tibi
1018 3789 1213 3865 successerint,
1227 3790 1299 3846 uuila
1311 3792 1348 3846 ibi
1356 3783 1484 3863 'qualibet
1504 3793 1689 3864 subreptionis
1703 3810 1747 3850 as·
1825 3804 1829 3812 '

959 3881 1027 3934 tutia
1052 3896 1099 3934 sen
1114 3881 1241 3945 violeuutia
1258 3891 1440 3953 praeponatur,
1466 3883 1518 3940 nisu
1538 3877 1619 3954 quarn
1637 3901 1747 3943 sorores

956 3969 1093 4023 connuuui
1117 3985 1264 4036 consensu,
1279 3973 1321 4026 rel
1345 3988 1470 4027 sororuun
1489 3990 1553 4043 pars
1566 3978 1673 4031 consilii
1701 3995 1746 4033 sa·

957 4061 1062 4125 nioris,
1083 4062 1232 4116 secundum
1252 4061 1299 4116 liei
1313 4063 1450 4128 timorem,
1468 4074 1497 4118 ιι
1518 4065 1589 4119 beati
1602 4064 1744 4123 Benedicti

956 4153 1086 4224 Regulam
1101 4154 1269 4223 proriderint
1281 4153 1443 4225 eligendam.

994 4249 1173 4306 deceruimus
1184 4263 1250 4318 ergo
1262 4256 1292 4302 ut
1306 4248 1372 4303 uulll
1387 4239 1499 4306 omniuo
1513 4250 1653 4306 bominum
1663 4251 1745 4306 liceat

919 4343 1098 4423 „praelatum
1113 4341 1308 4397 monasterium
1324 4351 1426 4397 temere
1445 4351 1616 4411 pertnroare,
1628 4352 1683 4397 ιιι.

992 4433 1047 4502 Ego
1061 4430 1237 4497 Ceelestious,
1253 4431 1396 4486 eatluulicre
1412 4430 1541 4486 Ecclesia
1557 4430 1710 4500 episcopus.

989 4523 1045 4594 Ego
1056 4524 1181 4590 Albinus,
1198 4523 1361 4592 albanensis
1377 4522 1530 4593 episeopus.

989 4615 1045 4685 Ego
1058 4615 1237 4682 Octavianus,
1250 4615 1385 4672 Ostiensis
1397 4624 1424 4670 ιι
1441 4615 1618 4671 velletrensis
1638 4615 1723 4686 episc.

992 4705 1047 4776 Ego
1064 4704 1196 4771 ioannes,
1212 4705 1396 4764 Praenestinus
1415 4708 1569 4774 episcopus.

987 4799 1044 4868 Ego
1057 4799 1163 4864 Petrus,
1178 4797 1336 4854 Portueosis
1351 4808 1380 4852 et
1397 4797 1505 4867 Sanctae
1520 4798 1624 4853 liulinae
1640 4795 1730 4864 episct

985 4891 1042 4964 Ego
1053 4891 1240 4962 Pandulpbus,
1254 4892 1374 4947 basilicae
1392 4888 1440 4946 llll
1464 4891 1656 4962 Apostolorum
1680 4914 1742 4968 pre-

953 4983 1045 5055 sbyter
1066 4983 1224 5041 cardinalis
1507 5059 1511 5066 Ι

988 5076 1045 5147 Ego
1065 5076 1171 5142 Petrus,
1186 5075 1230 5132 tit.
1245 5075 1275 5133 S.
1290 5075 1403 5132 (tacitis
1416 5080 1558 5152 presbyter
1582 5083 1740 5141 cardinalis.

989 5168 1045 5238 Ego
1062 5166 1208 5234 Jordanus,
1229 5165 1337 5223 Sancum
1361 5166 1541 5225 Pudeuiiante
1555 5174 1598 5230 riu.
1618 5171 1741 5232 Pastoris

954 5258 1098 5328 presbyter
1110 5257 1270 5314 cardinalis.

991 5346 1046 5417 Ego
1059 5345 1189 5413 loannes,
1207 5346 1249 5401 tit.
1266 5345 1296 5401 S.
1311 5344 1459 5409 Clenueotis
1473 5350 1634 5418 cardinalis,
1647 5351 1740 5407 Vites·

867 5457 872 5471 ·
954 5435 1056 5491 biensis
1070 5447 1097 5491 et
1110 5435 1293 5494 i'uscaucnsis
1307 5439 1461 5509 episcopus.

991 5529 1048 5599 Ego
1073 5528 1171 5595 Gnido,
1196 5529 1227 5587 S.
1244 5531 1333 5589 liaris
1357 5532 1555 5615 transtiberim
1579 5534 1622 5591 ιΙι.
1643 5533 1738 5593 (iniisti

956 5623 1096 5692 presbyter
1111 5623 1268 5681 cardinale.
